%% Created using Papers on Mon, 13 Feb 2012.
%% http://mekentosj.com/papers/

@inproceedings{Muehlbauer:2011ir,
author = {Muehlbauer, M and Bahle, G and Lukowicz, P},
title = {{What Can an Arm Holster Worn Smart Phone Do for Activity Recognition?}},
booktitle = {Wearable Computers (ISWC), 2011 15th Annual International Symposium on},
year = {2011},
pages = {79--82},
publisher = { IEEE Computer Society}
}


@inproceedings{Franke:2009ei,
author = {Franke, Tobias and Lukowicz, Paul and Kunze, Kai and Bannach, David},
title = {{Can a Mobile Phone in a Pocket Reliably Recognize Ambient Sounds?

}},
booktitle = {2009 International Symposium on Wearable Computers (ISWC)},
year = {2009},
pages = {161--162},
publisher = {IEEE},
month = jan
}


@INPROCEEDINGS{5573462, 
author={Roggen, D. and Calatroni, A. and Rossi, M. and Holleczek, T. and Forster, K. and Troster, G. and Lukowicz, P. and Bannach, D. and Pirkl, G. and Ferscha, A. and Doppler, J. and Holzmann, C. and Kurz, M. and Holl, G. and Chavarriaga, R. and Sagha, H. and Bayati, H. and Creatura, M. and del R Millan, J.}, 
booktitle={Networked Sensing Systems (INSS), 2010 Seventh International Conference on}, title={Collecting complex activity datasets in highly rich networked sensor environments}, 
year={2010}, 
month={june}, 
volume={}, 
number={}, 
pages={233 -240}, 
keywords={complex activity dataset;data acquisition;data synchronization;heterogeneous networked sensor system;human activity;machine learning technique;machine recognition;sensor data;wired networked sensor system;wireless networked sensor system;data acquisition;human factors;learning (artificial intelligence);pattern recognition;synchronisation;ubiquitous computing;wireless sensor networks;}, 
doi={10.1109/INSS.2010.5573462}, 
ISSN={},}

@inproceedings{Vieweg:2010jd,
author = {Vieweg, Sarah and Hughes, Amanda L and Starbird, Kate and Palen, Leysia},
title = {{Microblogging during two natural hazards events: what twitter may contribute to situational awareness}},
booktitle = {CHI '10 Proceedings of the 28th international conference on Human factors in computing systems},
year = {2010},
publisher = { ACM  Request Permissions},
month = {apr}
}

@article{Lazer06022009,
author = {Lazer, David and Pentland, Alex and Adamic, Lada and Aral, Sinan and Barabási, Albert-László and Brewer, Devon and Christakis, Nicholas and Contractor, Noshir and Fowler, James and Gutmann, Myron and Jebara, Tony and King, Gary and Macy, Michael and Roy, Deb and Van Alstyne, Marshall}, 
title = {Computational Social Science}, 
volume = {323}, 
number = {5915}, 
pages = {721-723}, 
year = {2009}, 
doi = {10.1126/science.1167742}, 
URL = {http://www.sciencemag.org/content/323/5915/721.short}, 
eprint = {http://www.sciencemag.org/content/323/5915/721.full.pdf}, 
journal = {Science} 
}

@inproceedings{Qu:2011iw,
author = {Qu, Yan and Huang, Chen and Zhang, Pengyi and Zhang, Jun},
title = {{Microblogging after a major disaster in China: a case study of the 2010 Yushu earthquake}},
booktitle = {CSCW '11: Proceedings of the ACM 2011 conference on Computer supported cooperative work},
year = {2011},
publisher = { ACM  Request Permissions},
month = {mar}
}

@article{Peebles:2010vz,
author = {Peebles, D and Lu, H and Lane, N and Choudhury, T},
title = {{Community-Guided Learning: Exploiting Mobile Sensor Users to Model Human Behavior}},
journal = {Proc 24th National Conf {\ldots}},
year = {2010}
}

@article{Bannach:2008vl,
author = {Bannach, David and Amft, Oliver and Lukowicz, Paul},
title = {{Rapid Prototyping of Activity Recognition Applications}},
journal = {IEEE Pervasive Computing},
year = {2008},
volume = {7},
number = {2},
month = {apr}
}

@inproceedings{Bannach:2010wt,
author = {Bannach, D and Kunze, K and Weppner, J},
title = {{Integrated tool chain for recording and handling large, multimodal context recognition data sets}},
booktitle = {Ubicomp '10: Proceedings of the 12th ACM international conference adjunct papers on Ubiquitous computing},
year = {2010}
}

@inproceedings{Kunze:2010he,
author = {Kunze, Kai and Bahle, Gernot and Lukowicz, Paul and Partridge, Kurt},
title = {{Can magnetic field sensors replace gyroscopes in wearable sensing applications?}},
booktitle = {ISWC '10: Proceedings of the 2010 11th IEEE International Symposium on Wearable Computers},
year = {2010},
publisher = {{IEEE}},
address = {Seoul, South Korea}
}

@inproceedings{Bahle:2010ww,
author = {Bahle, Gernot and Kunze, Kai and Lukowicz, Paul},
title = {{On the use of magnetic field disturbances as features for activity recognition with on body sensors}},
booktitle = {EuroSSC'10: Proceedings of the 5th European conference on Smart sensing and context},
year = {2010},
publisher = {{ Springer-Verlag}},
address = {Passau, Germany},
month = {nov}
}

