@INPROCEEDINGS{Forster1, 
author={Forster, K. and Brem, P. and Roggen, D. and Troster, G.}, 
booktitle={Intelligent Sensors, Sensor Networks and Information Processing (ISSNIP), 2009 5th International Conference on}, 
title={Evolving discriminative features robust to sensor displacement for activity recognition in body area sensor networks}, 
year={2009}, 
month=dec., 
volume={}, 
number={}, 
pages={43 -48}, 
keywords={HCI dataset;activity recognition;body area sensor networks;body-worn acceleration sensors;feature selection;genetic programming feature extraction method;gesture recognition;sensor displacement;acceleration measurement;biomechanics;biomedical measurement;body area networks;body sensor networks;feature extraction;genetic algorithms;medical signal processing;}, 
doi={10.1109/ISSNIP.2009.5416810}, 
ISSN={},}

@INPROCEEDINGS{Forster2, 
author={Forster, K. and Roggen, D. and Troster, G.}, 
booktitle={Wearable Computers, 2009. ISWC '09. International Symposium on}, title={Unsupervised Classifier Self-Calibration through Repeated Context Occurences: Is there Robustness against Sensor Displacement to Gain?}, 
year={2009}, 
month=sept., 
volume={}, 
number={}, 
pages={77 -84}, 
keywords={HCI related dataset;context recognition;repeated context occurences;robustness;sensor displacement;unsupervised classifier self-calibration;wearable context-aware systems;calibration;sensors;stability;ubiquitous computing;wearable computers;}, 
doi={10.1109/ISWC.2009.12}, 
ISSN={1550-4816},}

@article{randell2000caa,
        Author = {Randell, C. and Muller, H.},
        Date-Added = {2008-02-11 12:55:06 +0100},
        Date-Modified = {2008-02-11 12:55:06 +0100},
        Journal = {The Fourth International Symposium on Wearable Computers},
        Number = {1},
        Pages = {175--176},
        Publisher = {IEEE Computer Society},
        Title = {Context awareness by analysing accelerometer data},
        Volume = {1},
        Year = {2000}
}


@article{Mizell:2005p3885,
author = {D Mizell}, 
journal = {Wearable Computers, 2003. Proceedings. Seventh IEEE International Symposium on},
title = {Using gravity to estimate accelerometer orientation},
pages = {252 -- 253},
year = {2005},
month = {Sep},
date-added = {2008-06-26 12:52:29 +0200},
date-modified = {2008-06-26 12:52:29 +0200},
doi = {10.1109/ISWC.2003.1241424},
pmid = {1241424@ieeecnfs},
URL = {http://ieeexplore.ieee.org/search/srchabstract.jsp?arnumber=1241424&isnumber=27832&punumber=8796&k2dockey=1241424@ieeecnfs},
uri = {papers://0597B009-3AE0-48B6-803A-E3C4A2EB4EDF/Paper/p3885},
read = {Yes},
rating = {0},
}


@article{vanlaerhoven2000swt,
  title={{What shall we teach our pants?}},
  author={Van Laerhoven, K. and Cakmakci, O.},
  journal={Wearable Computers, 2000. The Fourth International Symposium on},
  pages={77--83},
  year={2000}
}

@article{kern2003wsa,
  title={{Wearable sensing to annotate meeting recordings}},
  author={Kern, N. and Schiele, B. and Junker, H. and Lukowicz, P. and Tr{\"o}ster, G.},
  journal={Personal and Ubiquitous Computing},
  volume={7},
  number={5},
  pages={263--274},
  year={2003},
  publisher={Springer}
}
@article{prevasiveskoda,
author = {Stiefmeier, Thomas and Roggen, Daniel and Ogris, Georg and Lukowicz, Paul and Troster, Gerhard},
title = {{Wearable Activity Tracking in Car Manufacturing}},
journal = {IEEE Pervasive Computing},
year = {2008},
volume = {7},
number = {2},
month = apr
}

@article{roggen2006smn,
  title={{From sensors to miniature networked sensorbuttons}},
  author={Roggen, D. and Bharatula, N.B. and Stager, M. and Lukowicz, P. and Troster, G.},
  journal={Proceedings of the 3rd International Conference on Networked Sensing Systems (INSS06)},
  year={2006}
}
@article{brashear2003ums,
  title={{Using multiple sensors for mobile sign language recognition}},
  author={Brashear, H. and Starner, T. and Lukowicz, P. and Junker, H.},
  journal={Wearable Computers, 2003. Proceedings. Seventh IEEE International Symposium on},
  pages={45--52},
  year={2003}
}
@article{aylward2006swc,
 title={{Sensemble: a wireless, compact, multi-user sensor system for interactive dance}},
  author={Aylward, R. and Paradiso, J.A.},
  journal={Proceedings of the 2006 conference on New interfaces for musical expression},
  pages={134--139},
  year={2006},
  publisher={IRCAMâ€”Centre Pompidou Paris, France, France}
}


@article{mantyjarvi2001rhm,
        Author = {Mantyjarvi, J. and Himberg, J. and Seppanen, T. and Center, N. R.},
        Date-Added = {2008-02-11 12:55:06 +0100},
        Date-Modified = {2008-02-11 12:55:06 +0100},
        Journal = {Systems, Man, and Cybernetics, 2001 IEEE International Conference on},
        Title = {Recognizing human motion with multiple acceleration sensors},
        Volume = {2},
        Year = {2001}
}

@article{westeyn2005rma,
  title={{Recognizing mimicked autistic self-stimulatory behaviors using hmms}},
  author={Westeyn, T. and Vadas, K. and Bian, X. and Starner, T. and Abowd, G.D.},
  journal={IEEE International Symposium on Wearable Computers},
  pages={164--169},
  year={2005}
}

@article{paradiso:efc,
  title={{Expressive Footwear for Computer-Augmented Dance Performance}},
  author={Paradiso, J. and Hu, E.},
  journal={Proceedings of the First International Symposium on Wearable Computers},
  pages={13--14}
}

@article{Krause:2003p1536,
author = {A Krause and D Siewiorek and A Smailagic and J Farringdon}, 
journal = {Wearable Computers},
title = {Unsupervised, dynamic identification of physiological and activity context in wearable computing},
abstract = { not. In [4],  data has been used to identify different kinds of activities such as walking, running, climbing stairs. },
year = {2003},
month = {Jan},
date-added = {2008-04-04 18:15:09 +0200},
date-modified = {2008-04-04 18:15:09 +0200},
pmid = {8252858875300950209related:wTC-62sLiHIJ},
URL = {http://ieeexplore.ieee.org/xpls/abs_all.jsp?arnumber=1241398},
uri = {papers://0597B009-3AE0-48B6-803A-E3C4A2EB4EDF/Paper/p1536},
rating = {0},
}

@article{Lester:2006p856,
author = {J Lester and T Choudhury and G Borriello}, 
journal = {Proceedings of Pervasive},
title = {A Practical Approach to Recognizing Physical Activities},
abstract = { This larger dataset served to verify that the algorithms would work on a variety of data using a single multi-modal   trained with a large },
year = {2006},
month = {Jan},
date-added = {2008-04-04 18:05:00 +0200},
date-modified = {2008-04-04 18:05:00 +0200},
pmid = {13230008090243582879related:n0uDMkNumrcJ},
URL = {http://www.springerlink.com/index/7048888592382352.pdf},
uri = {papers://0597B009-3AE0-48B6-803A-E3C4A2EB4EDF/Paper/p856},
read = {Yes},
rating = {0},
}

@article{Maurer:2006p1533,
author = {U Maurer and A Smailagic and D Siewiorek and M Deisher}, 
journal = {Proceedings of the International Workshop on Wearables},
title = {Activity recognition and monitoring using multiple sensors on different body positions},
abstract = { Previous feature extraction studies examining  data have shown that it is a viable input for detecting user states when it is worn on the wrist [1 },
year = {2006},
month = {Jan},
date-added = {2008-04-04 18:14:48 +0200},
date-modified = {2008-04-04 18:14:48 +0200},
pmid = {5302996651438974200related:-CQbplsHmEkJ},
URL = {http://doi.ieeecomputersociety.org/10.1109/BSN.2006.6},
uri = {papers://0597B009-3AE0-48B6-803A-E3C4A2EB4EDF/Paper/p1533},
read = {Yes},
rating = {0},
}

@article{vanLaerhoven:2007p1441,
author = {K van Laerhoven and A Aronsen}, 
journal = {Proceedings of the 27th International Conference on Wearable Computing},
title = {Memorizing What You Did Last Week: Towards Detailed Actigraphy With A Wearable Sensor},
abstract = { modules: http://www.mis.informatik.tu-darmstadt.de/People/ / notes/wearable [8]  , K. and Gellersen, HW ``   ''. },
year = {2007},
month = {Jan},
date-added = {2008-04-04 18:11:25 +0200},
date-modified = {2008-04-04 18:11:25 +0200},
pmid = {1835989468917098888related:iGkpyrG-ehkJ},
URL = {http://doi.ieeecomputersociety.org/10.1109/ICDCSW.2007.43},
uri = {papers://0597B009-3AE0-48B6-803A-E3C4A2EB4EDF/Paper/p1441},
rating = {0},
}

@article{Borriello:2006p1201,
author = {G Borriello and W Brunette and J Lester and P Powledge}, 
journal = {Proceedings of the International Workshop on Wearables},
title = {An Ecosystem of Platforms to Support Sensors for Personal Fitness},
abstract = { sensors at different points on the body [1, 3]. Figure 1 shows an iMote2 and our multi-sensor board which includes a 3-axis , a microphone, a },
year = {2006},
month = {Jan},
date-added = {2008-04-04 18:06:57 +0200},
date-modified = {2008-04-04 18:06:57 +0200},
pmid = {4934613122273749771related:C6sbcX1Ee0QJ},
URL = {http://doi.ieeecomputersociety.org/10.1109/BSN.2006.8},
uri = {papers://0597B009-3AE0-48B6-803A-E3C4A2EB4EDF/Paper/p1201},
read = {Yes},
rating = {0},
}

@article{Kunze:2005p220,
author = {K Kunze and P Lukowicz and H Junker and G Troester}, 
journal = {LOCA'04: International Workshop on Location and Context},
title = {Where am i: Recognizing on-body positions of wearable sensors},
abstract = { Page 2. Where  I:  -  of   265  Page 4. Where  I:  -  of   267 },
year = {2005},
month = {Jan},
date-added = {2008-03-18 16:09:23 +0100},
date-modified = {2008-03-18 16:09:23 +0100},
pmid = {7351565364902177839related:LywPxr8BBmYJ},
URL = {http://www.springerlink.com/index/kg7ke7gqhv3q6ggp.pdf},
local-url = {file://localhost/Users/kkunze/Documents/Papers/2005/Kunze/LOCA%E2%80%9904%20International%20Workshop%20on%20Locationand%20Context-%20%E2%80%A6%202005%20Kunze.pdf},
uri = {papers://0597B009-3AE0-48B6-803A-E3C4A2EB4EDF/Paper/p220},
read = {Yes},
rating = {0},
}

@article{Kunze:2007p86,
author = {K Kunze and P Lukowicz}, 
journal = {Wearable Computers, 2007 11th IEEE International Symposium on},
title = {Using acceleration signatures from everyday activities for on-body device location},
abstract = {This paper is part of an effort to facilitate wearable activity recognition using dynamically changing sets of sensors integrated in everyday appliances such as phones, PDAs, watches, headsets etc. A key issue that such systems have to address is the.....},
pages = {115 -- 116},
year = {2007},
month = {Sep},
date-added = {2008-03-18 16:04:53 +0100},
date-modified = {2008-03-18 16:04:53 +0100},
doi = {10.1109/ISWC.2007.4373794},
pmid = {4373794@ieeecnfs},
URL = {http://ieeexplore.ieee.org/search/srchabstract.jsp?arnumber=4373794&isnumber=4373754&punumber=4373753&k2dockey=4373794@ieeecnfs},
local-url = {file://localhost/Users/kkunze/Documents/Papers/2007/Kunze/Wearable%20Computers%202007%2011th%20IEEE%20International%20Symposium%20on%202007%20Kunze.pdf},
uri = {papers://0597B009-3AE0-48B6-803A-E3C4A2EB4EDF/Paper/p86},
read = {Yes},
rating = {0},
}

@article{Minnen:2007p441,
author = {D Minnen and C Isbell and I Essa and T Starner}, 
journal = {PROCEEDINGS OF THE NATIONAL CONFERENCE ON ARTIFICIAL INTELLIGENCE},
title = {Discovering Multivariate Motifs Using Subsequence Density Estimation and Greedy Mixture Learning},
year = {2007},
month = {Jan},
date-added = {2008-03-18 17:45:10 +0100},
date-modified = {2008-03-18 17:45:10 +0100},
URL = {http://cgi3.cc.gatech.edu/grads/d/dminn/papers/minnen-aaai2007.pdf},
local-url = {file://localhost/Users/kkunze/Documents/Papers/2007/Minnen/PROCEEDINGS%20OF%20THE%20NATIONAL%20CONFERENCE%20ON%20ARTIFICIAL%20%E2%80%A6%202007%20Minnen.pdf},
uri = {papers://0597B009-3AE0-48B6-803A-E3C4A2EB4EDF/Paper/p441},
read = {Yes},
rating = {0},
}

@article{vanLaerhoven:2008p1442,
author = {K van Laerhoven and H Gellersen}, 
journal = {ISWC 2004},
title = {Spine versus porcupine: a study in distributed wearable activity recognition},
abstract = {  : a Study in Distributed Wearable Activity Recognition   and Hans-Werner Gellersen Computing Department Lancaster },
date-added = {2008-04-04 18:11:19 +0200},
date-modified = {2008-04-04 18:11:19 +0200},
pmid = {5893347793501663358related:frB_CZhgyVEJ},
URL = {http://ieeexplore.ieee.org/xpls/abs_all.jsp?arnumber=1364703},
uri = {papers://0597B009-3AE0-48B6-803A-E3C4A2EB4EDF/Paper/p1442},
rating = {0},
}

@article{Krause:2006p1527,
author = {A Krause and A Smailagic and D Siewiorek}, 
journal = {IEEE Transactions on Mobile Computing},
title = {Context-Aware Mobile Computing: Learning Context-Dependent Personal Preferences},
abstract = { space. For motion classification, we calculate the Fast Fourier Transform (FFT) power spectra of the acquired  values. },
year = {2006},
month = {Jan},
date-added = {2008-04-04 18:14:48 +0200},
date-modified = {2008-04-04 18:14:48 +0200},
pmid = {3990888365515359427related:w0TI5NJ7YjcJ},
URL = {http://doi.ieeecomputersociety.org/10.1109/TMC.2006.18},
uri = {papers://0597B009-3AE0-48B6-803A-E3C4A2EB4EDF/Paper/p1527},
rating = {0},
}

@article{Zinnen:2008p631,
author = {A Zinnen and K van Laerhoven and B Schiele}, 
journal = {European Conference on Ambient Intelligence 2007},
title = {Toward Recognition of Short and Non-repetitive Activities from Wearable Sensors},
abstract = { Activities from Wearable Sensors Andreas , Kristof van Laerhoven, and  Computer Science Department, TU Darmstadt, Hochschulstr. },
date-added = {2008-04-03 22:27:10 +0200},
date-modified = {2008-04-03 22:30:23 +0200},
pmid = {related:xI7sDfw9XrQJ:scholar.google.com/},
URL = {http://www.springerlink.com/index/0wm115040tu30463.pdf},
uri = {papers://0597B009-3AE0-48B6-803A-E3C4A2EB4EDF/Paper/p631},
read = {Yes},
rating = {0},
}

@article{Lester:2004p738,
author = {J Lester and B Hannaford and G Boriello}, 
journal = {Pervasive Computing: Second International Conference},
title = {Are You with Me?--Using Accelerometers to Determine If Two Devices Are Carried by the Same Person},
abstract = {Abstract. As the proliferation of pervasive and ubiquitous computing devices continues, users will carry more devices. Without the ability for these devices to unobtrusively interact with one another, the user's attention will be },
year = {2004},
month = {Jan},
date-added = {2008-04-04 18:22:24 +0200},
date-modified = {2008-04-04 18:22:24 +0200},
pmid = {2845424931234292252related:HKJCNeb6fCcJ},
URL = {http://www.springerlink.com/index/N22DWCH7673KGKNG.pdf},
uri = {papers://0597B009-3AE0-48B6-803A-E3C4A2EB4EDF/Paper/p738},
rating = {0},
}

@article{vanLaerhoven:2005p1440,
author = {K van Laerhoven}, 
journal = {Ubiquitous Computing Systems: Second International Symposium},
title = {The Pervasive Sensor},
abstract = {The Pervasive Sensor    Lancaster University, United Kingdom http   , K., and HW Gellersen."   : a Study in },
year = {2005},
month = {Jan},
date-added = {2008-04-04 18:11:39 +0200},
date-modified = {2008-04-04 18:11:39 +0200},
pmid = {related:Us62BactryQJ:scholar.google.com/},
URL = {http://books.google.com/books?hl=en&lr=&ie=UTF-8&id=1bfiAgXsljMC&oi=fnd&pg=PA1&dq=Kristof+Van+Laerhoven+Spine+versus+Porcupine&ots=DjjzIaTJdI&sig=Ig8tI2aG9iDJxWaby7xTAlGda2s},
uri = {papers://0597B009-3AE0-48B6-803A-E3C4A2EB4EDF/Paper/p1440},
rating = {0},
}

