@article{Wyatt:2007ta,
author = {Wyatt, D and Choudhury, T},
title = {{Creating Social Network Models from Sensor Data}},
journal = {NIPS Network Workshop},
year = {2007}
}

@article{ruta-overview,
  author = "Dymitr Ruta and Bogdan Gabrys",
  title = "An Overview of Classifier Fusion Methods",
journal = {Computing and Information Systems},
volume = {7},
number = {3-4},
year = {2000},
pages = {146--153},
publisher = {University of Paisley},
address = {London, UK},
  url = "citeseer.ist.psu.edu/ruta00overview.html" }


@article{Salber:1999uj,
author = {Salber, D and Dey, AK},
title = {{The context toolkit}},
journal = {SIGCHI conference on Human Computer Interaction},
year = {1999}
}

@article{Schmidt:1999ut,
author = {Schmidt, A and Aidoo, K and Takaluoma, A},
title = {{Advanced interaction in context}},
journal = {Handheld and Mobile Computing},
year = {1999}
}


@book{Bannach:2010wt,
author = {Bannach, David and Kunze, Kai and Weppner, Jens and Lukowicz, Paul},
title = {{Integrated tool chain for recording and handling large, multimodal context recognition data sets}},
publisher = {ACM},
year = {2010},
address = {New York, New York, USA},
month = sep
}


@article{Weiser:1996vf,
author = {Weiser, M},
title = {{The coming age of calm Technology}},
journal = {Xerox PARC Retrieved July},
year = {1996}
}

@article{Weiser:1993hb,
author = {Weiser, Mark},
title = {{Some computer science issues in ubiquitous computing}},
journal = {Communications of the ACM},
year = {1993},
volume = {36},
number = {7},
month = jul
}

@article{Langheinrich:2000vb,
author = {Langheinrich,M and Mattern, F and R{\"o}mer, K},
title = {{First steps towards an event-based infrastructure for smart things}},
journal = {Ubiquitous Computing Workshop, PACT},
year = {2000}
}

@article{10.1109/ISWC.2005.45,
author = {Tracy Westeyn and Kristin Vadas and Xuehai Bian and Thad Starner and Gregory D. Abowd},
title = {Recognizing Mimicked Autistic Self-Stimulatory Behaviors Using HMMs},
journal ={Wearable Computers, IEEE International Symposium},
volume = {0},
isbn = {0-7695-2419-2},
year = {2005},
pages = {164-169},
doi = {http://doi.ieeecomputersociety.org/10.1109/ISWC.2005.45},
publisher = {IEEE Computer Society},
address = {Los Alamitos, CA, USA},
}

@INPROCEEDINGS{4587583, 
author={Andriluka, M. and Roth, S. and Schiele, B.}, 
booktitle={Computer Vision and Pattern Recognition, 2008. CVPR 2008. IEEE Conference on}, title={People-tracking-by-detection and people-detection-by-tracking}, 
year={2008}, 
month={june}, 
volume={}, 
number={}, 
pages={1 -8}, 
keywords={crowded street scenes;hierarchical Gaussian process latent variable model;image sequences;people-detection-by-tracking;people-tracking-by-detection;Gaussian processes;feature extraction;image sequences;tracking;}, 
doi={10.1109/CVPR.2008.4587583}, 
ISSN={1063-6919},}

@incollection {springerlink:10.1007/978-3-540-24646-6_2,
   author = {Lukowicz, Paul and Ward, Jamie and Junker, Holger and Staeger, Mathias and Troester, Gerhard and Atrash, Amin and Starner, Thad},
   affiliation = {Wearable Computing Laboratory, ETH Zürich, 8092 Zürich, Switzerland},
   title = {Recognizing Workshop Activity Using Body Worn Microphones and Accelerometers},
   booktitle = {Pervasive Computing},
   series = {Lecture Notes in Computer Science},
   editor = {Ferscha, Alois and Mattern, Friedemann},
   publisher = {Springer Berlin / Heidelberg},
   isbn = {},
   pages = {18-32},
   volume = {3001},
   year = {2004}
}

@INPROCEEDINGS{4218075, 
author={Wyatt, D. and Choudhury, T. and Kautz, H.}, 
booktitle={Acoustics, Speech and Signal Processing, 2007. ICASSP 2007. IEEE International Conference on}, title={Capturing Spontaneous Conversation and Social Dynamics: A Privacy-Sensitive Data Collection Effort}, 
year={2007}, 
month={april}, 
volume={4}, 
number={}, 
pages={IV-213 -IV-216}, 
keywords={UW dynamic social network;paralinguistic features;privacy constraints;privacy-sensitive data collection effort;prosodic features;social dynamics;spontaneous conversation;spontaneous face-to-face conversations;data acquisition;speech intelligibility;}, 
doi={10.1109/ICASSP.2007.367201}, 
ISSN={1520-6149},}

@INPROCEEDINGS{1241422, 
author={Siewiorek, D. and Smailagic, A. and Furukawa, J. and Krause, A. and Moraveji, N. and Reiger, K. and Shaffer, J. and Fei Lung Wong}, 
booktitle={Wearable Computers, 2003. Proceedings. Seventh IEEE International Symposium on}, title={SenSay: a context-aware mobile phone}, 
year={2003}, 
month={oct.}, 
volume={}, 
number={}, 
pages={ 248 - 249}, 
keywords={}, 
doi={10.1109/ISWC.2003.1241422}, 
ISSN={1530-0811},}

@inproceedings{Huynh:2008:DAP:1409635.1409638,
 author = {Huynh, T\^{a}m and Fritz, Mario and Schiele, Bernt},
 title = {Discovery of activity patterns using topic models},
 booktitle = {Proceedings of the 10th international conference on Ubiquitous computing},
 series = {UbiComp '08},
 year = {2008},
 isbn = {978-1-60558-136-1},
 location = {Seoul, Korea},
 pages = {10--19},
 numpages = {10},
 url = {http://doi.acm.org/10.1145/1409635.1409638},
 doi = {http://doi.acm.org/10.1145/1409635.1409638},
 acmid = {1409638},
 publisher = {ACM},
 address = {New York, NY, USA},
 keywords = {activity recognition, wearable computing},
} 

@article{DBLP:journals/jrtip/KerhetMLBB07,
  author    = {Aliaksei Kerhet and
               Michele Magno and
               Francesco Leonardi and
               Andrea Boni and
               Luca Benini},
  title     = {A low-power wireless video sensor node for distributed object
               detection},
  journal   = {J. Real-Time Image Processing},
  volume    = {2},
  number    = {4},
  year      = {2007},
  pages     = {331-342},
  ee        = {http://springerlink.metapress.com/content/8q12m3715723w565/},
  bibsource = {DBLP, http://dblp.uni-trier.de}
}


@article{Burke:2006p1173,
author = {J Burke and D Estrin and M Hansen and A Parker{\ldots}}, 
journal = {World Sensor Web {\ldots}},
title = {Participatory sensing},
abstract = {This paper introduces the concept of participatory sensing , which tasks everyday mobile devices, such as cellular phones, to form interactive, participatory sensor networks that enable public and professional users to gather, analyze and share local knowledge. An initial ...},
year = {2006},
month = {Jan},
date-added = {2010-12-19 22:48:58 +0100},
date-modified = {2010-12-19 22:48:58 +0100},
pmid = {6082332036070053285related:pRXv38LIaFQJ},
URL = {http://citeseerx.ist.psu.edu/viewdoc/download?doi=10.1.1.122.3024&rep=rep1&type=pdf},
local-url = {file://localhost/Users/kkunze/Documents/Papers/2006/Burke/World%20Sensor%20Web%20%E2%80%A6-2006-Burke.pdf},
uri = {papers://08358793-B77F-4C77-A4B2-2B08D803EA6A/Paper/p1173},
rating = {0}
}

@article{Aoki:2008p1188,
author = {P Aoki and R Honicky and A Mainwaring}, 
journal = {Adjunct Proceedings of Ubicomp},
title = {Common Sense: Mobile Environmental Sensing Platforms to Support Community Action and Citizen Science},
abstract = {... The demonstration showcases one such platform, currently deployed on street- sweeping vehicles in a major US city. Keywords Air quality sensing , environmental science, environmental justice, mobile participatory  sensing , street sweepers. ...},
year = {2008},
month = {Jan},
date-added = {2010-12-19 22:49:32 +0100},
date-modified = {2010-12-19 22:49:32 +0100},
pmid = {17001522612031565667related:Y6_p2ryK8esJ},
URL = {http://www.paulaoki.com/papers/ubicomp08-demo.pdf},
local-url = {file://localhost/Users/kkunze/Documents/Papers/2008/Aoki/%E2%80%A6%20Proceedings%20of%20the%20%E2%80%A6-2008-Aoki.pdf},
uri = {papers://08358793-B77F-4C77-A4B2-2B08D803EA6A/Paper/p1188},
rating = {0}
}

@inproceedings{DBLP:conf/pervasive/ChengAL10,
  author    = {Jingyuan Cheng and
               Oliver Amft and
               Paul Lukowicz},
  title     = {Active Capacitive Sensing: Exploring a New Wearable Sensing
               Modality for Activity Recognition},
  booktitle = {Pervasive},
  year      = {2010},
  pages     = {319-336},
  ee        = {http://dx.doi.org/10.1007/978-3-642-12654-3_19},
}

@article{Dimakis:jr,
author = {Dimakis, Nikolaos and Soldatos, John K and Polymenakos, Lazaros and Fleury, Pascal and Cur{\'\i}n, Jan and Kleindienst, Jan Honza},
title = {{Integrated Development of Context-Aware Applications in Smart Spaces}},
journal = {IEEE Pervasive Computing},
volume = {7},
number = {4},
pages = {71--79}
}

@article{Amft:2009ir,
author = {Amft, O},
title = {{On-body sensing solutions for automatic dietary monitoring}},
journal = {Pervasive Computing},
year = {2009},
volume = {8},
number = {2},
pages = {62--70}
}


@inproceedings{Patel:2007vxa,
author = {Patel, Shwetak N and Robertson, Thomas and Kientz, Julie A and Reynolds, Matthew S and Abowd, Gregory D},
title = {{At the flick of a switch: detecting and classifying unique electrical events on the residential power line}},
booktitle = {UbiComp '07: Proceedings of the 9th international conference on Ubiquitous computing},
year = {2007},
publisher = { Springer-Verlag},
month = {sep}
}

@book{Patel:2009bi,
author = {Patel, Shwetak N and Stuntebeck, Erich P and Robertson, Thomas},
title = {{PL-Tags: Detecting Batteryless Tags through the Power Lines in a Building}},
publisher = {Springer Berlin Heidelberg},
year = {2009},
volume = {5538},
address = {Berlin, Heidelberg}
}




@article{Pentland:1996wt,
author = {Pentland, AP},
title = {{Smart rooms}},
journal = {Scientific American},
year = {1996}
}



@article{Eagle:2006p1070,
author = {N Eagle and Alex Sandy Pentland}, 
journal = {Personal and Ubiquitous Computing},
title = {Reality mining: sensing complex social systems},
abstract = {The last 10 years could rightly be coined the decade of the mobile phone. In 2004, over 600 million handsets were sold, dwarfing the number of personal computers sold that year [27]. The potential functionality of this ubiquitous infrastructure of mobile devices is dramati- cally ...},
year = {2006},
month = {Jan},
date-added = {2010-12-19 22:45:16 +0100},
date-modified = {2010-12-19 22:45:36 +0100},
pmid = {8523550827479701167related:rxbqYFG8SXYJ},
URL = {http://portal.acm.org/citation.cfm?id=1122739.1122745},
local-url = {file://localhost/Users/kkunze/Documents/Papers/2006/Eagle/Personal%20and%20Ubiquitous%20Computing-2006-Eagle.pdf},
uri = {papers://08358793-B77F-4C77-A4B2-2B08D803EA6A/Paper/p1070},
rating = {0}
}

@article{Lane:2010p580,
author = {Nicholas Lane and Emiliano Miluzzo and Hong Lu and Daniel Peebles and Tanzeem Choudhury and Andrew Campbell}, 
journal = {IEEE Communications Magazine},
title = {A survey of mobile phone sensing},
abstract = {Mobile phones or smartphones are rapidly becoming the central computer and communication device in people's lives. Application delivery channels such as the Apple AppStore are transforming mobile phones into App Phones, capable of downloading a myriad ...},
number = {9},
volume = {48},
year = {2010},
month = {Sep},
date-added = {2010-12-12 23:30:02 +0100},
date-modified = {2010-12-12 23:30:02 +0100},
URL = {http://portal.acm.org/citation.cfm?id=1866991.1867010&coll=DL&dl=GUIDE&CFID=1704665&CFTOKEN=53103990},
local-url = {file://localhost/Users/kkunze/Documents/Papers/2010/Lane/IEEE%20Communications%20Magazine-2010-Lane.pdf},
uri = {papers://08358793-B77F-4C77-A4B2-2B08D803EA6A/Paper/p580},
read = {Yes},
rating = {0}
}

@article{hart1988dnt,
	Author = {Hart, S.G. and Staveland, L.E.},
	Date-Added = {2008-10-17 21:07:39 +0200},
	Date-Modified = {2008-10-17 21:07:39 +0200},
	Journal = {Human Mental Workload},
	Pages = {139--183},
	Title = {{Development of NASA-TLX (Task Load Index): Results of empirical and theoretical research}},
	Volume = {1},
	Year = {1988}}

@inproceedings{Choudhury:2002:BSL:839291.842788,
 author = {Choudhury, Tanzeem and Rehg, James M. and Pavlovic, Vladimir and Pentland, Alex},
 title = {Boosting and Structure Learning in Dynamic Bayesian Networks for Audio-Visual Speaker Detection},
 booktitle = {Proceedings of the 16 th International Conference on Pattern Recognition (ICPR'02) Volume 3 - Volume 3},
 series = {ICPR '02},
 year = {2002},
 isbn = {0-7695-1695-X},
 pages = {30789--},
 url = {http://portal.acm.org/citation.cfm?id=839291.842788},
 acmid = {842788},
 publisher = {IEEE Computer Society},
 address = {Washington, DC, USA},
} 


@incollection {springerlink:10.1007/978-3-540-24646-6_10,
   author = {Tapia, Emmanuel and Intille, Stephen and Larson, Kent},
   affiliation = {Massachusetts Institute of Technology, 1 Cambridge Center, 4FL, Cambridge, MA 02142, USA},
   title = {Activity Recognition in the Home Using Simple and Ubiquitous Sensors},
   booktitle = {Pervasive Computing},
   series = {Lecture Notes in Computer Science},
   editor = {Ferscha, Alois and Mattern, Friedemann},
   publisher = {Springer Berlin / Heidelberg},
   isbn = {},
   pages = {158-175},
   volume = {3001},
   year = {2004}
}

@conference{webster1996ara,
	Author = {Webster, A. and Feiner, S. and MacIntyre, B. and Massie, W. and Krueger, T.},
	Booktitle = {Proc. ASCE Third Congress on Computing in Civil Engineering},
	Date-Added = {2008-10-17 19:58:43 +0200},
	Date-Modified = {2008-10-17 19:58:43 +0200},
	Pages = {913--919},
	Title = {{Augmented reality in architectural construction, inspection and renovation}},
	Year = {1996}}

@inproceedings{Patterson:2005:FAR:1104998.1105283,
 author = {Patterson, Donald J. and Fox, Dieter and Kautz, Henry and Philipose, Matthai},
 title = {Fine-Grained Activity Recognition by Aggregating Abstract Object Usage},
 booktitle = {Proceedings of the Ninth IEEE International Symposium on Wearable Computers},
 year = {2005},
 isbn = {0-7695-2419-2},
 pages = {44--51},
 numpages = {8},
 url = {http://portal.acm.org/citation.cfm?id=1104998.1105283},
 doi = {10.1109/ISWC.2005.22},
 acmid = {1105283},
 publisher = {IEEE Computer Society},
 address = {Washington, DC, USA},
} 


@inproceedings {laerhovengellersen2004,
	title = {Spine versus Porcupine: A Study in Distributed Wearable Activity Recognition},
	booktitle = {8th International Symposium on Wearable Computers (ISWC 2004)},
	year = {2004},
	pages = {142-149},
	publisher = {IEEE Computer Society},
	organization = {IEEE Computer Society},
	author = {Van Laerhoven, Kristof and Gellersen, Hans-Werner}
}


@INPROCEEDINGS{5665861, 
author={Gordon, D. and Schmidtke, H.R. and Beigl, M. and von Zengen, G.}, 
booktitle={Wearable Computers (ISWC), 2010 International Symposium on}, title={A novel micro-vibration sensor for activity recognition: Potential and limitations}, 
year={2010}, 
month={oct.}, 
volume={}, 
number={}, 
pages={1 -8}, 
keywords={activity recognition;activity-pertinent information;ball switch;circuit design;feature generation algorithm;microvibration sensor;power consumption;sampling method;wearable vibration sensor;feature extraction;low-power electronics;microsensors;object recognition;sampling methods;ubiquitous computing;vibration measurement;}, 
doi={10.1109/ISWC.2010.5665861}, 
ISSN={1550-4816},}

@inproceedings{guinard:epcCloud:2011,
    author = "Dominique Guinard and Christian Floerkemeier and Sanjay Sarma",
    title = "Cloud Computing, REST and Mashups to Simplify RFID Application Development and Deployment",
    year = "2011",
    month = jun,
    booktitle = "Proceedings of the 2nd International Workshop on the Web of Things (WoT 2011)",
    address = "San Fransisco, USA",
    publisher = "ACM"
}

@article{Stager:2007wm,
author = {Stager, M and Lukowicz, P},
title = {{Power and accuracy trade-offs in sound-based context recognition systems}},
journal = {Pervasive and Mobile Computing},
year = {2007}
}


@MASTERSTHESIS{bao2003physical,
  author =       {Bao, L.},
  title =        {Physical Activity Recognition from Acceleration Data under Semi-Naturalistic Conditions},
  school =       {MIT},
  year =         {2003}
}

@conference{smith1995smu,
	Author = {Smith, B. and Bass, L. and Siegel, J.},
	Booktitle = {Conference on Human Factors in Computing Systems},
	Date-Added = {2008-10-17 19:57:29 +0200},
	Date-Modified = {2008-10-17 19:57:29 +0200},
	Organization = {ACM New York, NY, USA},
	Pages = {119--120},
	Title = {{On site maintenance using a wearable computer system}},
	Year = {1995}}

@conference{dey2000tbu,
	Author = {Dey, A.K. and Abowd, G.D.},
	Booktitle = {CHI 2000 Workshop on the What, Who, Where, When, and How of Context-Awareness},
	Date-Added = {2008-10-17 19:53:41 +0200},
	Date-Modified = {2008-10-17 19:53:41 +0200},
	Title = {{Towards a Better Understanding of Context and Context-Awareness}},
	Year = {2000}}

@article{Caudell:1992p2452,
	Abstract = { Abstract We describe the design and prototyping steps we have taken toward the implementation of a heads-up, see-through, -  (HUDSET). },
	Author = {T Caudell and D Mizell},
	Date-Added = {2008-05-05 19:08:21 +0200},
	Date-Modified = {2008-05-05 19:08:21 +0200},
	Journal = {System Sciences},
	Local-Url = {file://localhost/Users/kkunze/Documents/Papers/1992/Caudell/System%20Sciences%201992%20Caudell.pdf},
	Month = {Jan},
	Pmid = {18266898872843159020related:7MXMH74Pgf0J},
	Rating = {0},
	Read = {Yes},
	Title = {Augmented reality: an application of heads-up display technology tomanual manufacturing processes},
	Uri = {papers://0597B009-3AE0-48B6-803A-E3C4A2EB4EDF/Paper/p2452},
	Url = {http://ieeexplore.ieee.org/xpls/abs_all.jsp?arnumber=183317},
	Year = {1992},
	Bdsk-Url-1 = {http://ieeexplore.ieee.org/xpls/abs_all.jsp?arnumber=183317}}

@conference{nilsson2005sup,
	Author = {Nilsson, M. and Drugge, M. and Liljedahl, U. and Synnes, K. and Parnes, P.},
	Booktitle = {Pervasive Computing and Communications, 2005. PerCom 2005. Third IEEE International Conference on},
	Date-Added = {2008-10-16 12:42:58 +0200},
	Date-Modified = {2008-10-16 12:42:58 +0200},
	Pages = {149--158},
	Title = {{A Study on Users' Preference on Interruption When Using Wearable Computers and Head Mounted Displays}},
	Year = {2005},
	Bdsk-File-1 = {YnBsaXN0MDDUAQIDBAUGCQpYJHZlcnNpb25UJHRvcFkkYXJjaGl2ZXJYJG9iamVjdHMSAAGGoNE
HCFRyb290gAFfEA9OU0tleWVkQXJjaGl2ZXKoCwwXGBkdJCVVJG51bGzTDQ4PEBEUViRjbGFzc1
dOUy5rZXlzWk5TLm9iamVjdHOAB6ISE4ACgAOiFRaABIAGWWFsaWFzRGF0YVxyZWxhdGl2ZVBhd
GjSDRobHFdOUy5kYXRhgAVPEQG2AAAAAAG2AAIAAAxNYWNpbnRvc2ggSEQAAAAAAAAAAAAAAAAA
AADD42MaSCsAAAALrU8aaW50ZXJydXB0aWJpbGl0eV9zdHVkeS5wZGYAAAAAAAAAAAAAAAAAAAA
AAAAAAAAAAAAAAAAAAAAAAAAAAAAAADCfBcUc6CZQREYgQ0FSTwAEAAMAAAkgAAAAAAAAAAAAAA
AAAAAAA3BkZgAAEAAIAADD41UKAAAAEQAIAADFHMwGAAAAAQAUAAutTwALo3AACqyNAAqltQAAe
twAAgBCTWFjaW50b3NoIEhEOlVzZXJzOnBhdWw6ZGF0YTpwYXNzYXU6cGRmOmludGVycnVwdGli
aWxpdHlfc3R1ZHkucGRmAA4ANgAaAGkAbgB0AGUAcgByAHUAcAB0AGkAYgBpAGwAaQB0AHkAXwB
zAHQAdQBkAHkALgBwAGQAZgAPABoADABNAGEAYwBpAG4AdABvAHMAaAAgAEgARAASADVVc2Vycy
9wYXVsL2RhdGEvcGFzc2F1L3BkZi9pbnRlcnJ1cHRpYmlsaXR5X3N0dWR5LnBkZgAAEwABLwAAF
QACAAv//wAA0h4fICFYJGNsYXNzZXNaJGNsYXNzbmFtZaMhIiNdTlNNdXRhYmxlRGF0YVZOU0Rh
dGFYTlNPYmplY3RfEDEuLi8uLi8uLi8uLi9wYXNzYXUvcGRmL2ludGVycnVwdGliaWxpdHlfc3R
1ZHkucGRm0h4fJieiJyNcTlNEaWN0aW9uYXJ5AAgAEQAaAB8AKQAyADcAOgA/AEEAUwBcAGIAaQ
BwAHgAgwCFAIgAigCMAI8AkQCTAJ0AqgCvALcAuQJzAngCgQKMApACngKlAq4C4gLnAuoAAAAAA
AACAQAAAAAAAAAoAAAAAAAAAAAAAAAAAAAC9w==}}

@conference{starner1998vca,
	Author = {Starner, T. and Schiele, B. and Pentland, A.},
	Booktitle = {Proceeding of the Second Int. Symposium on Wearable Computing. Pittsburgh, October},
	Date-Added = {2008-10-16 12:34:04 +0200},
	Date-Modified = {2008-10-16 12:34:05 +0200},
	Title = {{Visual contextual awareness in wearable computing}},
	Year = {1998}}

@article{Nilsson:2008p2396,
	Abstract = {The differences between Augmented Reality (AR) systems and computer display based systems create a need for a different approach to the design and development of AR systems. To understand the potential of AR systems in real world tasks the technology ...},
	Author = {Susanna Nilsson and Bj{\"o}rn Johansson},
	Date-Added = {2008-05-05 18:59:46 +0200},
	Date-Modified = {2008-05-05 18:59:46 +0200},
	Journal = {CHI '08: CHI '08 extended abstracts on Human factors in computing systems},
	Keywords = {usability methods, user interaction, human factors, augmented reality},
	Local-Url = {file://localhost/Users/kkunze/Documents/Papers/2008/Nilsson/CHI%20'08%20CHI%20'08%20extended%20abstracts%20on%20Human%20factors%20in%20computing%20systems%202008%20Nilsson.pdf},
	Month = {Apr},
	Pmid = {1358628.1358633},
	Rating = {0},
	Read = {Yes},
	Title = {Acceptance of augmented reality instructions in a real work setting},
	Uri = {papers://0597B009-3AE0-48B6-803A-E3C4A2EB4EDF/Paper/p2396},
	Url = {http://portal.acm.org/citation.cfm?id=1358628.1358633},
	Year = {2008},
	Bdsk-Url-1 = {http://portal.acm.org/citation.cfm?id=1358628.1358633}}

@article{tea,
 author = {Hans W. Gellersen and Albercht Schmidt and Michael Beigl},
 title = {Multi-sensor context-awareness in mobile devices and smart artifacts},
 journal = {Mob. Netw. Appl.},
 volume = {7},
 number = {5},
 year = {2002},
 issn = {1383-469X},
 pages = {341--351},
 doi = {http://dx.doi.org/10.1023/A:1016587515822},
 publisher = {Kluwer Academic Publishers},
 }


@article{rhodes2003upc,
	Author = {Rhodes, B. and Innovations, R. and Menlo Park, CA},
	Date-Added = {2008-10-15 17:08:42 +0200},
	Date-Modified = {2008-10-15 17:08:42 +0200},
	Journal = {Computers, IEEE Transactions on},
	Number = {8},
	Pages = {1011--1014},
	Title = {{Using physical context for just-in-time information retrieval}},
	Volume = {52},
	Year = {2003},
	Bdsk-File-1 = {YnBsaXN0MDDUAQIDBAUGCQpYJHZlcnNpb25UJHRvcFkkYXJjaGl2ZXJYJG9iamVjdHMSAAGGoNE
HCFRyb290gAFfEA9OU0tleWVkQXJjaGl2ZXKoCwwXGBkdJCVVJG51bGzTDQ4PEBEUViRjbGFzc1
dOUy5rZXlzWk5TLm9iamVjdHOAB6ISE4ACgAOiFRaABIAGWWFsaWFzRGF0YVxyZWxhdGl2ZVBhd
GjSDRobHFdOUy5kYXRhgAVPEQGuAAAAAAGuAAIAAAxNYWNpbnRvc2ggSEQAAAAAAAAAAAAAAAAA
AADD42MaSCsAAAALrU8Ybm90ZXNfY29udGV4dF9yaG9kZXMucGRmAAAAAAAAAAAAAAAAAAAAAAA
AAAAAAAAAAAAAAAAAAAAAAAAAAAAAADCF8sUb0+NQREYgQ0FSTwAEAAMAAAkgAAAAAAAAAAAAAA
AAAAAAA3BkZgAAEAAIAADD41UKAAAAEQAIAADFG7fDAAAAAQAUAAutTwALo3AACqyNAAqltQAAe
twAAgBATWFjaW50b3NoIEhEOlVzZXJzOnBhdWw6ZGF0YTpwYXNzYXU6cGRmOm5vdGVzX2NvbnRl
eHRfcmhvZGVzLnBkZgAOADIAGABuAG8AdABlAHMAXwBjAG8AbgB0AGUAeAB0AF8AcgBoAG8AZAB
lAHMALgBwAGQAZgAPABoADABNAGEAYwBpAG4AdABvAHMAaAAgAEgARAASADNVc2Vycy9wYXVsL2
RhdGEvcGFzc2F1L3BkZi9ub3Rlc19jb250ZXh0X3Job2Rlcy5wZGYAABMAAS8AABUAAgAL//8AA
NIeHyAhWCRjbGFzc2VzWiRjbGFzc25hbWWjISIjXU5TTXV0YWJsZURhdGFWTlNEYXRhWE5TT2Jq
ZWN0XxAvLi4vLi4vLi4vLi4vcGFzc2F1L3BkZi9ub3Rlc19jb250ZXh0X3Job2Rlcy5wZGbSHh8
mJ6InI1xOU0RpY3Rpb25hcnkACAARABoAHwApADIANwA6AD8AQQBTAFwAYgBpAHAAeACDAIUAiA
CKAIwAjwCRAJMAnQCqAK8AtwC5AmsCcAJ5AoQCiAKWAp0CpgLYAt0C4AAAAAAAAAIBAAAAAAAAA
CgAAAAAAAAAAAAAAAAAAALt}}

@article{bristow2004dae,
	Author = {Bristow, H.W. and Baber, C. and Cross, J. and Knight, J.F. and Woolley, S.I.},
	Date-Added = {2008-10-15 16:56:54 +0200},
	Date-Modified = {2008-10-15 16:56:54 +0200},
	Journal = {International Journal of Human-Computer Studies},
	Number = {5-6},
	Pages = {798--819},
	Publisher = {Elsevier},
	Title = {{Defining and evaluating context for wearable computing}},
	Volume = {60},
	Year = {2004}}

@inproceedings{1082174,
	Address = {Darlinghurst, Australia, Australia},
	Author = {Caspar Ryan and Atish Gonsalves},
	Booktitle = {ACSC '05: Proceedings of the Twenty-eighth Australasian conference on Computer Science},
	Date-Added = {2008-10-15 16:52:18 +0200},
	Date-Modified = {2008-10-15 16:52:18 +0200},
	Isbn = {1-920-68220-1},
	Location = {Newcastle, Australia},
	Pages = {115--124},
	Publisher = {Australian Computer Society, Inc.},
	Title = {The effect of context and application type on mobile usability: an empirical study},
	Year = {2005},
	Bdsk-File-1 = {YnBsaXN0MDDUAQIDBAUGCQpYJHZlcnNpb25UJHRvcFkkYXJjaGl2ZXJYJG9iamVjdHMSAAGGoNE
HCFRyb290gAFfEA9OU0tleWVkQXJjaGl2ZXKoCwwXGBkdJCVVJG51bGzTDQ4PEBEUViRjbGFzc1
dOUy5rZXlzWk5TLm9iamVjdHOAB6ISE4ACgAOiFRaABIAGWWFsaWFzRGF0YVxyZWxhdGl2ZVBhd
GjSDRobHFdOUy5kYXRhgAVPEQG6AAAAAAG6AAIAAAxNYWNpbnRvc2ggSEQAAAAAAAAAAAAAAAAA
AADD42MaSCsAAAALrU8bZWZmZWN0X2NvbnRleHRfbW9iaWxpdHkucGRmAAAAAAAAAAAAAAAAAAA
AAAAAAAAAAAAAAAAAAAAAAAAAAAAAADCFLsUb0IAAAAAAAAAAAAAEAAMAAAkgAAAAAAAAAAAAAA
AAAAAAA3BkZgAAEAAIAADD41UKAAAAEQAIAADFG7RgAAAAAQAUAAutTwALo3AACqyNAAqltQAAe
twAAgBDTWFjaW50b3NoIEhEOlVzZXJzOnBhdWw6ZGF0YTpwYXNzYXU6cGRmOmVmZmVjdF9jb250
ZXh0X21vYmlsaXR5LnBkZgAADgA4ABsAZQBmAGYAZQBjAHQAXwBjAG8AbgB0AGUAeAB0AF8AbQB
vAGIAaQBsAGkAdAB5AC4AcABkAGYADwAaAAwATQBhAGMAaQBuAHQAbwBzAGgAIABIAEQAEgA2VX
NlcnMvcGF1bC9kYXRhL3Bhc3NhdS9wZGYvZWZmZWN0X2NvbnRleHRfbW9iaWxpdHkucGRmABMAA
S8AABUAAgAL//8AANIeHyAhWCRjbGFzc2VzWiRjbGFzc25hbWWjISIjXU5TTXV0YWJsZURhdGFW
TlNEYXRhWE5TT2JqZWN0XxAyLi4vLi4vLi4vLi4vcGFzc2F1L3BkZi9lZmZlY3RfY29udGV4dF9
tb2JpbGl0eS5wZGbSHh8mJ6InI1xOU0RpY3Rpb25hcnkACAARABoAHwApADIANwA6AD8AQQBTAF
wAYgBpAHAAeACDAIUAiACKAIwAjwCRAJMAnQCqAK8AtwC5AncCfAKFApAClAKiAqkCsgLnAuwC7
wAAAAAAAAIBAAAAAAAAACgAAAAAAAAAAAAAAAAAAAL8}}

@article{nicolai5csw,
	Author = {Nicolai, T. and Sindt, T. and Kenn, H. and Witt, H.},
	Date-Added = {2008-10-15 16:45:01 +0200},
	Date-Modified = {2008-10-15 16:45:01 +0200},
	Journal = {Proceedings of IFAWC},
	Pages = {97--111},
	Title = {{Case study of wearable computing for aircraft maintenance}},
	Volume = {5},
	Bdsk-File-1 = {YnBsaXN0MDDUAQIDBAUGCQpYJHZlcnNpb25UJHRvcFkkYXJjaGl2ZXJYJG9iamVjdHMSAAGGoNE
HCFRyb290gAFfEA9OU0tleWVkQXJjaGl2ZXKoCwwXGBkdJCVVJG51bGzTDQ4PEBEUViRjbGFzc1
dOUy5rZXlzWk5TLm9iamVjdHOAB6ISE4ACgAOiFRaABIAGWWFsaWFzRGF0YVxyZWxhdGl2ZVBhd
GjSDRobHFdOUy5kYXRhgAVPEQGWAAAAAAGWAAIAAAxNYWNpbnRvc2ggSEQAAAAAAAAAAAAAAAAA
AADD42MaSCsAAAALrU8SaWZhd2NfYWlyY3JhZnQucGRmAAAAAAAAAAAAAAAAAAAAAAAAAAAAAAA
AAAAAAAAAAAAAAAAAAAAAAAAAAAAAADCE78UbzudQREYgQ0FSTwAEAAMAAAkgAAAAAAAAAAAAAA
AAAAAAA3BkZgAAEAAIAADD41UKAAAAEQAIAADFG7LHAAAAAQAUAAutTwALo3AACqyNAAqltQAAe
twAAgA6TWFjaW50b3NoIEhEOlVzZXJzOnBhdWw6ZGF0YTpwYXNzYXU6cGRmOmlmYXdjX2FpcmNy
YWZ0LnBkZgAOACYAEgBpAGYAYQB3AGMAXwBhAGkAcgBjAHIAYQBmAHQALgBwAGQAZgAPABoADAB
NAGEAYwBpAG4AdABvAHMAaAAgAEgARAASAC1Vc2Vycy9wYXVsL2RhdGEvcGFzc2F1L3BkZi9pZm
F3Y19haXJjcmFmdC5wZGYAABMAAS8AABUAAgAL//8AANIeHyAhWCRjbGFzc2VzWiRjbGFzc25hb
WWjISIjXU5TTXV0YWJsZURhdGFWTlNEYXRhWE5TT2JqZWN0XxApLi4vLi4vLi4vLi4vcGFzc2F1
L3BkZi9pZmF3Y19haXJjcmFmdC5wZGbSHh8mJ6InI1xOU0RpY3Rpb25hcnkACAARABoAHwApADI
ANwA6AD8AQQBTAFwAYgBpAHAAeACDAIUAiACKAIwAjwCRAJMAnQCqAK8AtwC5AlMCWAJhAmwCcA
J+AoUCjgK6Ar8CwgAAAAAAAAIBAAAAAAAAACgAAAAAAAAAAAAAAAAAAALP}}

@inproceedings{223690,
	Address = {New York, NY, USA},
	Author = {Jane Siegel and Robert E. Kraut and Bonnie E. John and Kathleen M. Carley},
	Booktitle = {CHI '95: Conference companion on Human factors in computing systems},
	Date-Added = {2008-10-15 16:40:50 +0200},
	Date-Modified = {2008-10-15 16:40:50 +0200},
	Doi = {http://doi.acm.org/10.1145/223355.223690},
	Isbn = {0-89791-755-3},
	Location = {Denver, Colorado, United States},
	Pages = {312--313},
	Publisher = {ACM},
	Title = {An empirical study of collaborative wearable computer systems},
	Year = {1995},
	Bdsk-File-1 = {YnBsaXN0MDDUAQIDBAUGCQpYJHZlcnNpb25UJHRvcFkkYXJjaGl2ZXJYJG9iamVjdHMSAAGGoNE
HCFRyb290gAFfEA9OU0tleWVkQXJjaGl2ZXKoCwwXGBkdJCVVJG51bGzTDQ4PEBEUViRjbGFzc1
dOUy5rZXlzWk5TLm9iamVjdHOAB6ISE4ACgAOiFRaABIAGWWFsaWFzRGF0YVxyZWxhdGl2ZVBhd
GjSDRobHFdOUy5kYXRhgAVPEQHQAAAAAAHQAAIAAAxNYWNpbnRvc2ggSEQAAAAAAAAAAAAAAAAA
AADD42MaSCsAAAALrU8fc2llZ2VsX3dlYXJhYmxlX2NvbGwjMzA4NDk2LnBkZgAAAAAAAAAAAAA
AAAAAAAAAAAAAAAAAAAAAAAAAAAAAADCElsUbzUhQREYgQ0FSTwAEAAMAAAkgAAAAAAAAAAAAAA
AAAAAAA3BkZgAAEAAIAADD41UKAAAAEQAIAADFG7EoAAAAAQAUAAutTwALo3AACqyNAAqltQAAe
twAAgBHTWFjaW50b3NoIEhEOlVzZXJzOnBhdWw6ZGF0YTpwYXNzYXU6cGRmOnNpZWdlbF93ZWFy
YWJsZV9jb2xsIzMwODQ5Ni5wZGYAAA4ARAAhAHMAaQBlAGcAZQBsAF8AdwBlAGEAcgBhAGIAbAB
lAF8AYwBvAGwAbABhAGIAbwByAGEAdABpAHYAZQAuAHAAZABmAA8AGgAMAE0AYQBjAGkAbgB0AG
8AcwBoACAASABEABIAPFVzZXJzL3BhdWwvZGF0YS9wYXNzYXUvcGRmL3NpZWdlbF93ZWFyYWJsZ
V9jb2xsYWJvcmF0aXZlLnBkZgATAAEvAAAVAAIAC///AADSHh8gIVgkY2xhc3Nlc1okY2xhc3Nu
YW1loyEiI11OU011dGFibGVEYXRhVk5TRGF0YVhOU09iamVjdF8QOC4uLy4uLy4uLy4uL3Bhc3N
hdS9wZGYvc2llZ2VsX3dlYXJhYmxlX2NvbGxhYm9yYXRpdmUucGRm0h4fJieiJyNcTlNEaWN0aW
9uYXJ5AAgAEQAaAB8AKQAyADcAOgA/AEEAUwBcAGIAaQBwAHgAgwCFAIgAigCMAI8AkQCTAJ0Aq
gCvALcAuQKNApICmwKmAqoCuAK/AsgDAwMIAwsAAAAAAAACAQAAAAAAAAAoAAAAAAAAAAAAAAAA
AAADGA==},
	Bdsk-Url-1 = {http://doi.acm.org/10.1145/223355.223690}}

@inproceedings{223690,
	Address = {New York, NY, USA},
	Author = {Jane Siegel and Robert E. Kraut and Bonnie E. John and Kathleen M. Carley},
	Booktitle = {CHI '95: Conference companion on Human factors in computing systems},
	Date-Added = {2008-10-15 16:37:20 +0200},
	Date-Modified = {2008-10-15 16:37:20 +0200},
	Doi = {http://doi.acm.org/10.1145/223355.223690},
	Isbn = {0-89791-755-3},
	Location = {Denver, Colorado, United States},
	Pages = {312--313},
	Publisher = {ACM},
	Title = {An empirical study of collaborative wearable computer systems},
	Year = {1995},
	Bdsk-Url-1 = {http://doi.acm.org/10.1145/223355.223690}}

@article{smailagic2002adw,
	Author = {Smailagic, A. and Siewiorek, D.},
	Date-Added = {2008-10-15 16:32:59 +0200},
	Date-Modified = {2008-10-15 16:32:59 +0200},
	Journal = {Pervasive Computing, IEEE},
	Number = {4},
	Pages = {20--29},
	Title = {{Application design for wearable and context-aware computers}},
	Volume = {1},
	Year = {2002},
	Bdsk-File-1 = {YnBsaXN0MDDUAQIDBAUGCQpYJHZlcnNpb25UJHRvcFkkYXJjaGl2ZXJYJG9iamVjdHMSAAGGoNE
HCFRyb290gAFfEA9OU0tleWVkQXJjaGl2ZXKoCwwXGBkdJCVVJG51bGzTDQ4PEBEUViRjbGFzc1
dOUy5rZXlzWk5TLm9iamVjdHOAB6ISE4ACgAOiFRaABIAGWWFsaWFzRGF0YVxyZWxhdGl2ZVBhd
GjSDRobHFdOUy5kYXRhgAVPEQHKAAAAAAHKAAIAAAxNYWNpbnRvc2ggSEQAAAAAAAAAAAAAAAAA
AADD42MaSCsAAAALrU8fY211X2NvbnRleHRfYXdhcmVfd2VhcmFibGVzLnBkZgAAAAAAAAAAAAA
AAAAAAAAAAAAAAAAAAAAAAAAAAAAAADCD9sUby5pQREYgQ0FSTwAEAAMAAAkgAAAAAAAAAAAAAA
AAAAAAA3BkZgAAEAAIAADD41UKAAAAEQAIAADFG696AAAAAQAUAAutTwALo3AACqyNAAqltQAAe
twAAgBHTWFjaW50b3NoIEhEOlVzZXJzOnBhdWw6ZGF0YTpwYXNzYXU6cGRmOmNtdV9jb250ZXh0
X2F3YXJlX3dlYXJhYmxlcy5wZGYAAA4AQAAfAGMAbQB1AF8AYwBvAG4AdABlAHgAdABfAGEAdwB
hAHIAZQBfAHcAZQBhAHIAYQBiAGwAZQBzAC4AcABkAGYADwAaAAwATQBhAGMAaQBuAHQAbwBzAG
gAIABIAEQAEgA6VXNlcnMvcGF1bC9kYXRhL3Bhc3NhdS9wZGYvY211X2NvbnRleHRfYXdhcmVfd
2VhcmFibGVzLnBkZgATAAEvAAAVAAIAC///AADSHh8gIVgkY2xhc3Nlc1okY2xhc3NuYW1loyEi
I11OU011dGFibGVEYXRhVk5TRGF0YVhOU09iamVjdF8QNi4uLy4uLy4uLy4uL3Bhc3NhdS9wZGY
vY211X2NvbnRleHRfYXdhcmVfd2VhcmFibGVzLnBkZtIeHyYnoicjXE5TRGljdGlvbmFyeQAIAB
EAGgAfACkAMgA3ADoAPwBBAFMAXABiAGkAcAB4AIMAhQCIAIoAjACPAJEAkwCdAKoArwC3ALkCh
wKMApUCoAKkArICuQLCAvsDAAMDAAAAAAAAAgEAAAAAAAAAKAAAAAAAAAAAAAAAAAAAAxA=}}

@conference{sunkpho1998mwc,
	Author = {Sunkpho, J. and Garrett Jr, J.H. and Smailagic, A. and Siewiorek, D.P.},
	Booktitle = {Proceedings of the 2nd IEEE International Symposium on Wearable Computers},
	Date-Added = {2008-10-15 16:28:29 +0200},
	Date-Modified = {2008-10-15 16:28:29 +0200},
	Organization = {IEEE Computer Society Washington, DC, USA},
	Pages = {160},
	Title = {{MIA: A Wearable Computer for Bridge Inspectors}},
	Year = {1998}}

@conference{bristow2002eci,
	Author = {Bristow, H.W. and Baber, C. and Cross, J. and Wooley, S.},
	Booktitle = {Proceedings of the Sixth International Symposium on Wearable Computers},
	Date-Added = {2008-10-15 16:26:49 +0200},
	Date-Modified = {2008-10-15 16:26:49 +0200},
	Pages = {179--185},
	Title = {{Evaluating contextual information for wearable computing}},
	Year = {2002},
	Bdsk-File-1 = {YnBsaXN0MDDUAQIDBAUGCQpYJHZlcnNpb25UJHRvcFkkYXJjaGl2ZXJYJG9iamVjdHMSAAGGoNE
HCFRyb290gAFfEA9OU0tleWVkQXJjaGl2ZXKoCwwXGBkdJCVVJG51bGzTDQ4PEBEUViRjbGFzc1
dOUy5rZXlzWk5TLm9iamVjdHOAB6ISE4ACgAOiFRaABIAGWWFsaWFzRGF0YVxyZWxhdGl2ZVBhd
GjSDRobHFdOUy5kYXRhgAVPEQG6AAAAAAG6AAIAAAxNYWNpbnRvc2ggSEQAAAAAAAAAAAAAAAAA
AADD42MaSCsAAAALrU8bY29udGV4dF9zdHVkeV9yZXRyaWV2YWwucGRmAAAAAAAAAAAAAAAAAAA
AAAAAAAAAAAAAAAAAAAAAAAAAAAAAADCDm8UbygEAAAAAAAAAAAAEAAMAAAkgAAAAAAAAAAAAAA
AAAAAAA3BkZgAAEAAIAADD41UKAAAAEQAIAADFG63hAAAAAQAUAAutTwALo3AACqyNAAqltQAAe
twAAgBDTWFjaW50b3NoIEhEOlVzZXJzOnBhdWw6ZGF0YTpwYXNzYXU6cGRmOmNvbnRleHRfc3R1
ZHlfcmV0cmlldmFsLnBkZgAADgA4ABsAYwBvAG4AdABlAHgAdABfAHMAdAB1AGQAeQBfAHIAZQB
0AHIAaQBlAHYAYQBsAC4AcABkAGYADwAaAAwATQBhAGMAaQBuAHQAbwBzAGgAIABIAEQAEgA2VX
NlcnMvcGF1bC9kYXRhL3Bhc3NhdS9wZGYvY29udGV4dF9zdHVkeV9yZXRyaWV2YWwucGRmABMAA
S8AABUAAgAL//8AANIeHyAhWCRjbGFzc2VzWiRjbGFzc25hbWWjISIjXU5TTXV0YWJsZURhdGFW
TlNEYXRhWE5TT2JqZWN0XxAyLi4vLi4vLi4vLi4vcGFzc2F1L3BkZi9jb250ZXh0X3N0dWR5X3J
ldHJpZXZhbC5wZGbSHh8mJ6InI1xOU0RpY3Rpb25hcnkACAARABoAHwApADIANwA6AD8AQQBTAF
wAYgBpAHAAeACDAIUAiACKAIwAjwCRAJMAnQCqAK8AtwC5AncCfAKFApAClAKiAqkCsgLnAuwC7
wAAAAAAAAIBAAAAAAAAACgAAAAAAAAAAAAAAAAAAAL8}}

@conference{ockerman1998piw,
	Author = {Ockerman, JJ and Pritchett, AR},
	Booktitle = {Wearable Computers, 1998. Digest of Papers. Second International Symposium on},
	Date-Added = {2008-10-15 16:20:32 +0200},
	Date-Modified = {2008-10-15 16:20:32 +0200},
	Pages = {33--40},
	Title = {{Preliminary investigation of wearable computers for task guidancein aircraft inspection}},
	Year = {1998},
	Bdsk-File-1 = {YnBsaXN0MDDUAQIDBAUGCQpYJHZlcnNpb25UJHRvcFkkYXJjaGl2ZXJYJG9iamVjdHMSAAGGoNE
HCFRyb290gAFfEA9OU0tleWVkQXJjaGl2ZXKoCwwXGBkdJCVVJG51bGzTDQ4PEBEUViRjbGFzc1
dOUy5rZXlzWk5TLm9iamVjdHOAB6ISE4ACgAOiFRaABIAGWWFsaWFzRGF0YVxyZWxhdGl2ZVBhd
GjSDRobHFdOUy5kYXRhgAVPEQGuAAAAAAGuAAIAAAxNYWNpbnRvc2ggSEQAAAAAAAAAAAAAAAAA
AADD42MaSCsAAAALrU8YYWlyY2FyYWZ0X2luc3BlY3Rpb24ucGRmAAAAAAAAAAAAAAAAAAAAAAA
AAAAAAAAAAAAAAAAAAAAAAAAAAAAAADCDXsUbyL1QREYgQ0FSTwAEAAMAAAkgAAAAAAAAAAAAAA
AAAAAAA3BkZgAAEAAIAADD41UKAAAAEQAIAADFG6ydAAAAAQAUAAutTwALo3AACqyNAAqltQAAe
twAAgBATWFjaW50b3NoIEhEOlVzZXJzOnBhdWw6ZGF0YTpwYXNzYXU6cGRmOmFpcmNhcmFmdF9p
bnNwZWN0aW9uLnBkZgAOADIAGABhAGkAcgBjAGEAcgBhAGYAdABfAGkAbgBzAHAAZQBjAHQAaQB
vAG4ALgBwAGQAZgAPABoADABNAGEAYwBpAG4AdABvAHMAaAAgAEgARAASADNVc2Vycy9wYXVsL2
RhdGEvcGFzc2F1L3BkZi9haXJjYXJhZnRfaW5zcGVjdGlvbi5wZGYAABMAAS8AABUAAgAL//8AA
NIeHyAhWCRjbGFzc2VzWiRjbGFzc25hbWWjISIjXU5TTXV0YWJsZURhdGFWTlNEYXRhWE5TT2Jq
ZWN0XxAvLi4vLi4vLi4vLi4vcGFzc2F1L3BkZi9haXJjYXJhZnRfaW5zcGVjdGlvbi5wZGbSHh8
mJ6InI1xOU0RpY3Rpb25hcnkACAARABoAHwApADIANwA6AD8AQQBTAFwAYgBpAHAAeACDAIUAiA
CKAIwAjwCRAJMAnQCqAK8AtwC5AmsCcAJ5AoQCiAKWAp0CpgLYAt0C4AAAAAAAAAIBAAAAAAAAA
CgAAAAAAAAAAAAAAAAAAALt}}

@conference{boronowsky2001wcs,
	Author = {Boronowsky, M. and Nicolai, T. and Schlieder, C. and Schmidt, A.},
	Booktitle = {Fifth International Symposium on Wearable Computers (ISWC'01)},
	Date-Added = {2008-10-15 15:48:39 +0200},
	Date-Modified = {2008-10-15 15:48:39 +0200},
	Pages = {8--9},
	Title = {{Winspect: A case study for wearable computing-supported inspection tasks}},
	Year = {2001}}

@article{schmidt1999tmc,
	Author = {Schmidt, A. and Beigl, M. and Gellersen, H.W.},
	Date-Added = {2008-10-15 15:46:09 +0200},
	Date-Modified = {2008-10-15 15:46:09 +0200},
	Journal = {Computers \& Graphics},
	Number = {6},
	Pages = {893--901},
	Publisher = {Elsevier},
	Title = {{There is more to context than location}},
	Volume = {23},
	Year = {1999}}

@article{schmidt2000ihc,
	Author = {Schmidt, A.},
	Date-Added = {2008-10-15 15:25:00 +0200},
	Date-Modified = {2008-10-15 15:25:00 +0200},
	Journal = {Personal and Ubiquitous Computing},
	Number = {2},
	Pages = {191--199},
	Publisher = {Springer},
	Title = {{Implicit human computer interaction through context}},
	Volume = {4},
	Year = {2000},
	Bdsk-File-1 = {YnBsaXN0MDDUAQIDBAUGCQpYJHZlcnNpb25UJHRvcFkkYXJjaGl2ZXJYJG9iamVjdHMSAAGGoNE
HCFRyb290gAFfEA9OU0tleWVkQXJjaGl2ZXKoCwwXGBkdJCVVJG51bGzTDQ4PEBEUViRjbGFzc1
dOUy5rZXlzWk5TLm9iamVjdHOAB6ISE4ACgAOiFRaABIAGWWFsaWFzRGF0YVxyZWxhdGl2ZVBhd
GjSDRobHFdOUy5kYXRhgAVPEQGeAAAAAAGeAAIAAAxNYWNpbnRvc2ggSEQAAAAAAAAAAAAAAAAA
AADD42MaSCsAAAALrU8UY29udGV4dF9hbGJyZWNodC5wZGYAAAAAAAAAAAAAAAAAAAAAAAAAAAA
AAAAAAAAAAAAAAAAAAAAAAAAAAAAAADBUDMUbuwBQREYgQ0FSTwAEAAMAAAkgAAAAAAAAAAAAAA
AAAAAAA3BkZgAAEAAIAADD41UKAAAAEQAIAADFG57gAAAAAQAUAAutTwALo3AACqyNAAqltQAAe
twAAgA8TWFjaW50b3NoIEhEOlVzZXJzOnBhdWw6ZGF0YTpwYXNzYXU6cGRmOmNvbnRleHRfYWxi
cmVjaHQucGRmAA4AKgAUAGMAbwBuAHQAZQB4AHQAXwBhAGwAYgByAGUAYwBoAHQALgBwAGQAZgA
PABoADABNAGEAYwBpAG4AdABvAHMAaAAgAEgARAASAC9Vc2Vycy9wYXVsL2RhdGEvcGFzc2F1L3
BkZi9jb250ZXh0X2FsYnJlY2h0LnBkZgAAEwABLwAAFQACAAv//wAA0h4fICFYJGNsYXNzZXNaJ
GNsYXNzbmFtZaMhIiNdTlNNdXRhYmxlRGF0YVZOU0RhdGFYTlNPYmplY3RfECsuLi8uLi8uLi8u
Li9wYXNzYXUvcGRmL2NvbnRleHRfYWxicmVjaHQucGRm0h4fJieiJyNcTlNEaWN0aW9uYXJ5AAg
AEQAaAB8AKQAyADcAOgA/AEEAUwBcAGIAaQBwAHgAgwCFAIgAigCMAI8AkQCTAJ0AqgCvALcAuQ
JbAmACaQJ0AngChgKNApYCxALJAswAAAAAAAACAQAAAAAAAAAoAAAAAAAAAAAAAAAAAAAC2Q==}}

@article{drugge2006wsn,
	Author = {Drugge, M. and Hallberg, J. and Parnes, P. and Synnes, K.},
	Date-Added = {2008-10-13 15:33:38 +0200},
	Date-Modified = {2008-10-13 15:33:38 +0200},
	Journal = {IEEE PERVASIVE COMPUTING},
	Pages = {86--91},
	Publisher = {IEEE Computer Society},
	Title = {{Wearable Systems in Nursing Home Care: Prototyping Experience}},
	Year = {2006},
	Bdsk-File-1 = {YnBsaXN0MDDUAQIDBAUGCQpYJHZlcnNpb25UJHRvcFkkYXJjaGl2ZXJYJG9iamVjdHMSAAGGoNE
HCFRyb290gAFfEA9OU0tleWVkQXJjaGl2ZXKoCwwXGBkdJCVVJG51bGzTDQ4PEBEUViRjbGFzc1
dOUy5rZXlzWk5TLm9iamVjdHOAB6ISE4ACgAOiFRaABIAGWWFsaWFzRGF0YVxyZWxhdGl2ZVBhd
GjSDRobHFdOUy5kYXRhgAVPEQGyAAAAAAGyAAIAAAxNYWNpbnRvc2ggSEQAAAAAAAAAAAAAAAAA
AADD42MaSCsAAAALrU8ZYnVyc3VuZ19jb250ZXh0X2F3YXJlLnBkZgAAAAAAAAAAAAAAAAAAAAA
AAAAAAAAAAAAAAAAAAAAAAAAAAAAAAC/9V8UZGrMAAAAAAAAAAAAEAAMAAAkgAAAAAAAAAAAAAA
AAAAAAA3BkZgAAEAAIAADD41UKAAAAEQAIAADFGP6TAAAAAQAUAAutTwALo3AACqyNAAqltQAAe
twAAgBBTWFjaW50b3NoIEhEOlVzZXJzOnBhdWw6ZGF0YTpwYXNzYXU6cGRmOmJ1cnN1bmdfY29u
dGV4dF9hd2FyZS5wZGYAAA4ANAAZAGIAdQByAHMAdQBuAGcAXwBjAG8AbgB0AGUAeAB0AF8AYQB
3AGEAcgBlAC4AcABkAGYADwAaAAwATQBhAGMAaQBuAHQAbwBzAGgAIABIAEQAEgA0VXNlcnMvcG
F1bC9kYXRhL3Bhc3NhdS9wZGYvYnVyc3VuZ19jb250ZXh0X2F3YXJlLnBkZgATAAEvAAAVAAIAC
///AADSHh8gIVgkY2xhc3Nlc1okY2xhc3NuYW1loyEiI11OU011dGFibGVEYXRhVk5TRGF0YVhO
U09iamVjdF8QMC4uLy4uLy4uLy4uL3Bhc3NhdS9wZGYvYnVyc3VuZ19jb250ZXh0X2F3YXJlLnB
kZtIeHyYnoicjXE5TRGljdGlvbmFyeQAIABEAGgAfACkAMgA3ADoAPwBBAFMAXABiAGkAcAB4AI
MAhQCIAIoAjACPAJEAkwCdAKoArwC3ALkCbwJ0An0CiAKMApoCoQKqAt0C4gLlAAAAAAAAAgEAA
AAAAAAAKAAAAAAAAAAAAAAAAAAAAvI=}}

@conference{cheverst2000dca,
	Author = {Cheverst, K. and Davies, N. and Mitchell, K. and Friday, A. and Efstratiou, C.},
	Booktitle = {Proceedings of the SIGCHI conference on Human factors in computing systems},
	Date-Added = {2008-10-13 15:19:42 +0200},
	Date-Modified = {2008-10-13 15:19:42 +0200},
	Organization = {ACM Press New York, NY, USA},
	Pages = {17--24},
	Title = {{Developing a context-aware electronic tourist guide: some issues and experiences}},
	Year = {2000},
	Bdsk-File-1 = {YnBsaXN0MDDUAQIDBAUGCQpYJHZlcnNpb25UJHRvcFkkYXJjaGl2ZXJYJG9iamVjdHMSAAGGoNE
HCFRyb290gAFfEA9OU0tleWVkQXJjaGl2ZXKoCwwXGBkdJCVVJG51bGzTDQ4PEBEUViRjbGFzc1
dOUy5rZXlzWk5TLm9iamVjdHOAB6ISE4ACgAOiFRaABIAGWWFsaWFzRGF0YVxyZWxhdGl2ZVBhd
GjSDRobHFdOUy5kYXRhgAVPEQGSAAAAAAGSAAIAAAxNYWNpbnRvc2ggSEQAAAAAAAAAAAAAAAAA
AADD42MaSCsAAAALrU8RdG91cmlzdF9ndWlkZS5wZGYAAAAAAAAAAAAAAAAAAAAAAAAAAAAAAAA
AAAAAAAAAAAAAAAAAAAAAAAAAAAAAAC/v9cUZF18AAAAAAAAAAAAEAAMAAAkgAAAAAAAAAAAAAA
AAAAAAA3BkZgAAEAAIAADD41UKAAAAEQAIAADFGPs/AAAAAQAUAAutTwALo3AACqyNAAqltQAAe
twAAgA5TWFjaW50b3NoIEhEOlVzZXJzOnBhdWw6ZGF0YTpwYXNzYXU6cGRmOnRvdXJpc3RfZ3Vp
ZGUucGRmAAAOACQAEQB0AG8AdQByAGkAcwB0AF8AZwB1AGkAZABlAC4AcABkAGYADwAaAAwATQB
hAGMAaQBuAHQAbwBzAGgAIABIAEQAEgAsVXNlcnMvcGF1bC9kYXRhL3Bhc3NhdS9wZGYvdG91cm
lzdF9ndWlkZS5wZGYAEwABLwAAFQACAAv//wAA0h4fICFYJGNsYXNzZXNaJGNsYXNzbmFtZaMhI
iNdTlNNdXRhYmxlRGF0YVZOU0RhdGFYTlNPYmplY3RfECguLi8uLi8uLi8uLi9wYXNzYXUvcGRm
L3RvdXJpc3RfZ3VpZGUucGRm0h4fJieiJyNcTlNEaWN0aW9uYXJ5AAgAEQAaAB8AKQAyADcAOgA
/AEEAUwBcAGIAaQBwAHgAgwCFAIgAigCMAI8AkQCTAJ0AqgCvALcAuQJPAlQCXQJoAmwCegKBAo
oCtQK6Ar0AAAAAAAACAQAAAAAAAAAoAAAAAAAAAAAAAAAAAAACyg==}}


@inproceedings{Miluzzo:2008:SMM:1460412.1460445,
 author = {Miluzzo, Emiliano and Lane, Nicholas D. and Fodor, Krist\'{o}f and Peterson, Ronald and Lu, Hong and Musolesi, Mirco and Eisenman, Shane B. and Zheng, Xiao and Campbell, Andrew T.},
 title = {Sensing meets mobile social networks: the design, implementation and evaluation of the CenceMe application},
 booktitle = {Proceedings of the 6th ACM conference on Embedded network sensor systems},
 series = {SenSys '08},
 year = {2008},
 isbn = {978-1-59593-990-6},
 location = {Raleigh, NC, USA},
 pages = {337--350},
 numpages = {14},
 url = {http://doi.acm.org/10.1145/1460412.1460445},
 doi = {http://doi.acm.org/10.1145/1460412.1460445},
 acmid = {1460445},
 publisher = {ACM},
 address = {New York, NY, USA},
 keywords = {applications, mobile phones, social networks},
} 

@INPROCEEDINGS{Forster1, 
author={Forster, K. and Brem, P. and Roggen, D. and Troster, G.}, 
booktitle={Intelligent Sensors, Sensor Networks and Information Processing (ISSNIP), 2009 5th International Conference on}, 
title={Evolving discriminative features robust to sensor displacement for activity recognition in body area sensor networks}, 
year={2009}, 
month=dec., 
volume={}, 
number={}, 
pages={43 -48}, 
keywords={HCI dataset;activity recognition;body area sensor networks;body-worn acceleration sensors;feature selection;genetic programming feature extraction method;gesture recognition;sensor displacement;acceleration measurement;biomechanics;biomedical measurement;body area networks;body sensor networks;feature extraction;genetic algorithms;medical signal processing;}, 
doi={10.1109/ISSNIP.2009.5416810}, 
ISSN={},}

@inproceedings{deadreckoning,
	title = {Dead Reckoning from the Pocket - An Experimental Study},
	booktitle = {Eighth Annual IEEE International Conference on Pervasive Computing and Communications (PerCom 2010)},
	year = {2010},
	month = {04/2010},
	publisher = {IEEE},
	organization = {IEEE},
	address = {Mannheim, Germany},
	abstract = {<p>Modern mobile phones enable absolute positioning based on GPS or WiFi. However, incremental positioning based on dead reckoning is an interesting source of complementary information, e.g., for indoor positioning or for filling in reception gaps. In the literature however, reasonable dead reckoning accuracies have been reported for fixed and typically a priori known device placements only, e.g., on the hip. Therefore, this paper contributes an experimental study of several published as well as novel approaches for dead reckoning in a scenario with unconstrained placement of a device in the user&rsquo;s trouser pockets. Utilizing the movement of a sensor in a trouser pocket due to body motion, we estimate the user&rsquo;s walking direction and steps robustly for arbitrary placements in the pocket and without additional body-worn sensors. We evaluate these methods on a large dataset of 23 traces of 8 different persons, and compare different approaches.</p>},
	author = {Ulrich Steinhoff and Schiele, Bernt}
}

@INPROCEEDINGS{bsn1, 
author={Thiemjarus, S.}, 
booktitle={Body Sensor Networks (BSN), 2010 International Conference on}, title={A Device-Orientation Independent Method for Activity Recognition}, 
year={2010}, 
month=june, 
volume={}, 
number={}, 
pages={19 -23}, 
keywords={belt-clip pulse oximetry sensor;classification model;daily living activities;device-orientation independent method;orientation-specific models;reference coordinate transformation;single tri-axial accelerometer;accelerometers;biomechanics;body sensor networks;medical signal processing;oximetry;oxygen;signal classification;}, 
doi={10.1109/BSN.2010.55}, 
ISSN={},}



@INPROCEEDINGS{Forster2, 
author={Forster, K. and Roggen, D. and Troster, G.}, 
booktitle={Wearable Computers, 2009. ISWC '09. International Symposium on}, title={Unsupervised Classifier Self-Calibration through Repeated Context Occurences: Is there Robustness against Sensor Displacement to Gain?}, 
year={2009}, 
month=sept., 
volume={}, 
number={}, 
pages={77 -84}, 
keywords={HCI related dataset;context recognition;repeated context occurences;robustness;sensor displacement;unsupervised classifier self-calibration;wearable context-aware systems;calibration;sensors;stability;ubiquitous computing;wearable computers;}, 
doi={10.1109/ISWC.2009.12}, 
ISSN={1550-4816},}

@INPROCEEDINGS{mainkofen, 
author={Altakouri, B. and Kortuem, G. and Grunerbl, A. and Kunze, K. and Lukowicz, P.}, 
booktitle={Wearable Computers (ISWC), 2010 International Symposium on}, title={The benefit of activity recognition for mobile phone based nursing documentation: A Wizard-of-Oz study}, 
year={2010}, 
month=oct., 
volume={}, 
number={}, 
pages={1 -4}, 
keywords={activity recognition;documentation process;geriatric care ward;hand held mobile device;interaction complexity;mobile phone;nursing documentation;wizard-of-oz experiment;document handling;geriatrics;human computer interaction;image motion analysis;medical information systems;mobile handsets;patient care;wearable computers;}, 
doi={10.1109/ISWC.2010.5665866}, 
ISSN={1550-4816},}

@article{Chronis:2009p7854,
author = {I Chronis and A Madan and A Pentland}, 
journal = {Proceedings of the ICMI-MLMI'09 Workshop},
title = {SocialCircuits: the art of using mobile phones for modeling personal interactions},
year = {2009},
month = {Jan},
rating = {0}
}

@article{Krause:2006p1884,
author = {A Krause and A Smailagic and D Siewiorek}, 
journal = {Mobile Computing, IEEE Transactions on},
title = {Context-aware mobile computing: learning context- dependent personal preferences from a wearable sensor array},
pages = {113 -- 127},
volume = {5},
year = {2006},
month = {Feb},
read = {Yes},
rating = {0}
}

@article{Ofstad:2008p7556,
author = {A Ofstad and E Nicholas and R Szcodronski and R Choudhury}, 
journal = {ACM international workshop on Mobile entity localization},
title = {AAMPL: accelerometer augmented mobile phone localization},
abstract = { This paper proposes      ( ), a system that uses  sig- natures to place   in the },
year = {2008},
month = {Jan},
rating = {0}
}

@article{killan2009,
author = {Kilian Forster and Daniel Roggen and Gerhard Troster},
title = {Unsupervised Classifier Self-Calibration through Repeated Context Occurences: Is there Robustness against Sensor Displacement to Gain?},
journal ={Wearable Computers, IEEE International Symposium},
volume = {0},
issn = {1550-4816},
year = {2009},
pages = {77-84},
doi = {http://doi.ieeecomputersociety.org/10.1109/ISWC.2009.12},
publisher = {IEEE Computer Society},
address = {Los Alamitos, CA, USA},
}



@article{Choudhury:2010p5381,
author = {T Choudhury and G Borriello and J Lester}, 
journal = {seattle.intel-research.net},
title = {Assessing Wellness by Sensing Everyday Activities and Interactions},
date-added = {2008-08-25 15:07:44 +0200},
date-modified = {2008-08-25 15:07:44 +0200},
URL = {http://seattle.intel-research.net/people/tanzeem/pubs/choudhury_chi2005workshop.pdf},
local-url = {file://localhost/Users/kkunze/Documents/Papers/Unknown/Choudhury/seattle.intel-research.net%20%20Choudhury.pdf},
uri = {papers://0597B009-3AE0-48B6-803A-E3C4A2EB4EDF/Paper/p5381},
year = {2005},
read = {Yes},
rating = {0}
}


@InProceedings{Mizell2003using,
author =     {Mizell, D. },
title =      {Using Gravity to Estimate Accelerometer Orientation},
booktitle =  {Proceedings Seventh International Symposium on Wearable Computers IS
WC 2002},
key =        {-},
year =       2003,
origtitle =  {Proceedings-Seventh-International-Symposium-on-Wearable-Computers-IS
WC-2003. 2003: },
personal =   {},
url =        {},
pdf =        {},
postscript = {},
dvi =        {}
}


@InProceedings{kern2003multi,
  author =       {Kern, N. and  Schiele, B. and  Schmidt, A.},
  title =        {Multi-Sensor Activity Context Detection for Wearable Computing},

  year =         {2003},
note =     {European Symposium on Ambient Intelligence},
  abstract =        {For wearable computing applications,
  human activity is a central part of the users context.
  In order to avoid user annoyance it should be acquired automatically
  using body-worn sensors. We propose to use multiple acceleration sensors
  that are distributed over the body, because they are lightweight, small and cheap.
  Furthermore activity can best be measured where it occurs. We present a hardware
  platform that we developed for the investigation of this issue and results as to
  where to place the sensors and how to extract the context information.},
}


@article{Krause:2003p1536,
author = {A Krause and D Siewiorek and A Smailagic and J Farringdon}, 
journal = {Wearable Computers},
title = {Unsupervised, dynamic identification of physiological and activity context in wearable computing},
abstract = { not. In [4],  data has been used to identify different kinds of activities such as walking, running, climbing stairs. },
year = {2003},
month = {Jan},
date-added = {2008-04-04 18:15:09 +0200},
date-modified = {2008-04-04 18:15:09 +0200},
pmid = {8252858875300950209related:wTC-62sLiHIJ},
URL = {http://ieeexplore.ieee.org/xpls/abs_all.jsp?arnumber=1241398},
local-url = {file://localhost/Users/kkunze/Documents/Papers/2003/Krause/Wearable%20Computers%202003%20Krause.pdf},
uri = {papers://0597B009-3AE0-48B6-803A-E3C4A2EB4EDF/Paper/p1536},
read = {Yes},
rating = {0}
}


@inproceedings{Bulling:2008dz,
author = {Bulling, Andreas and Roggen, Daniel and Troster, Gerhard},
title = {{It's in your eyes: towards context-awareness and mobile HCI using wearable EOG goggles}},
booktitle = {UbiComp '08: Proceedings of the 10th international conference on Ubiquitous computing},
year = {2008},
publisher = { ACM},
month = {sep}
}

@article{Westeyn:2006ik,
author = {Westeyn, T and Presti, P and Starner, T},
title = {{ActionGSR: A Combination Galvanic Skin Response-Accelerometer for Physiological Measurements in Active Environments}},
journal = {Wearable Computers, 2006 10th IEEE International Symposium on},
year = {2006},
pages = {129--130}
}

@article{vanLaerhoven:2004p1442,
author = {K van Laerhoven and H Gellersen}, 
journal = {Wearable Computers},
title = {Spine versus porcupine: a study in distributed wearable activity recognition},
abstract = {  : a Study in Distributed Wearable Activity Recognition   and Hans-Werner Gellersen Computing Department Lancaster },
year = {2004},
date-added = {2008-04-04 18:11:19 +0200},
date-modified = {2008-04-21 10:29:31 +0200},
pmid = {5893347793501663358related:frB_CZhgyVEJ},
URL = {http://ieeexplore.ieee.org/xpls/abs_all.jsp?arnumber=1364703},
local-url = {file://localhost/Users/kkunze/Documents/Papers/2004/van%20Laerhoven/Wearable%20Computers%202004%20van%20Laerhoven.pdf},
uri = {papers://0597B009-3AE0-48B6-803A-E3C4A2EB4EDF/Paper/p1442},
read = {Yes},
rating = {0}
}


@article{kunze2007symbolic,
	Author = {Kunze, K. and Lukowicz, P.},
	Date-Added = {2009-07-17 13:57:05 +0200},
	Date-Modified = {2009-07-17 13:57:05 +0200},
	Journal = {Lecture Notes in Computer Science},
	Pages = {163},
	Publisher = {Springer},
	Title = {{Symbolic Object Localization Through Active Sampling of Acceleration and Sound Signatures}},
	Volume = {4717},
	Year = {2007}}

@article{schmidt1999aic,
	Author = {Schmidt, A. and Aidoo, K.A. and Takaluoma, A. and Tuomela, U. and Van Laerhoven, K. and Van de Velde, W.},
	Date-Added = {2009-07-17 13:36:08 +0200},
	Date-Modified = {2009-07-17 13:36:08 +0200},
	Journal = {Lecture Notes in Computer Science},
	Pages = {89--101},
	Publisher = {SPRINGER VERLAG KG},
	Title = {{Advanced Interaction in Context}},
	Year = {1999},
	Bdsk-File-1 = {YnBsaXN0MDDUAQIDBAUGCQpYJHZlcnNpb25UJHRvcFkkYXJjaGl2ZXJYJG9iamVjdHMSAAGGoNEHCFRyb290gAFfEA9OU0tleWVkQXJjaGl2ZXKoCwwXGBkdJCVVJG51bGzTDQ4PEBEUViRjbGFzc1dOUy5rZXlzWk5TLm9iamVjdHOAB6ISE4ACgAOiFRaABIAGWWFsaWFzRGF0YVxyZWxhdGl2ZVBhdGjSDRobHFdOUy5kYXRhgAVPEQHOAAAAAAHOAAIAAAxNYWNpbnRvc2ggSEQAAAAAAAAAAAAAAAAAAADD42MaSCsAAAAEZa4fYWR2YW5jZWRfaW50ZXJhY3Rpb25fIzQ2NkJBLnBkZgAAAAAAAAAAAAAAAAAAAAAAAAAAAAAAAAAAAAAAAAAAAARmusVR6v0AAAAAAAAAAAADAAMAAAkgAAAAAAAAAAAAAAAAAAAAA3BkZgAAEAAIAADD41UKAAAAEQAIAADFUdztAAAAAQAUAARlrgAD6hsAAfwWAAGZJQABmHQAAgBHTWFjaW50b3NoIEhEOlVzZXJzOnBhdWw6ZGF0YTpwYXNzYXU6cGRmOmFkdmFuY2VkX2ludGVyYWN0aW9uXyM0NjZCQS5wZGYAAA4AQgAgAGEAZAB2AGEAbgBjAGUAZABfAGkAbgB0AGUAcgBhAGMAdABpAG8AbgBfAGMAbwBuAHQAZQB4AHQALgBwAGQAZgAPABoADABNAGEAYwBpAG4AdABvAHMAaAAgAEgARAASADtVc2Vycy9wYXVsL2RhdGEvcGFzc2F1L3BkZi9hZHZhbmNlZF9pbnRlcmFjdGlvbl9jb250ZXh0LnBkZgAAEwABLwAAFQACAAv//wAA0h4fICFYJGNsYXNzZXNaJGNsYXNzbmFtZaMhIiNdTlNNdXRhYmxlRGF0YVZOU0RhdGFYTlNPYmplY3RfEDQuLi8uLi8uLi9wYXNzYXUvcGRmL2FkdmFuY2VkX2ludGVyYWN0aW9uX2NvbnRleHQucGRm0h4fJieiJyNcTlNEaWN0aW9uYXJ5AAgAEQAaAB8AKQAyADcAOgA/AEEAUwBcAGIAaQBwAHgAgwCFAIgAigCMAI8AkQCTAJ0AqgCvALcAuQKLApACmQKkAqgCtgK9AsYC/QMCAwUAAAAAAAACAQAAAAAAAAAoAAAAAAAAAAAAAAAAAAADEg==}}

@conference{hinckley2001tms,
	Author = {Hinckley, K. and Horvitz, E.},
	Booktitle = {Proceedings of the 14th annual ACM symposium on User interface software and technology},
	Date-Added = {2009-07-17 13:34:40 +0200},
	Date-Modified = {2009-07-17 13:34:40 +0200},
	Organization = {ACM New York, NY, USA},
	Pages = {191--192},
	Title = {{Toward more sensitive mobile phones}},
	Year = {2001},
	Bdsk-File-1 = {YnBsaXN0MDDUAQIDBAUGCQpYJHZlcnNpb25UJHRvcFkkYXJjaGl2ZXJYJG9iamVjdHMSAAGGoNEHCFRyb290gAFfEA9OU0tleWVkQXJjaGl2ZXKoCwwXGBkdJCVVJG51bGzTDQ4PEBEUViRjbGFzc1dOUy5rZXlzWk5TLm9iamVjdHOAB6ISE4ACgAOiFRaABIAGWWFsaWFzRGF0YVxyZWxhdGl2ZVBhdGjSDRobHFdOUy5kYXRhgAVPEQG2AAAAAAG2AAIAAAxNYWNpbnRvc2ggSEQAAAAAAAAAAAAAAAAAAADD42MaSCsAAAAEZa4acGhvbmVfc2Vuc29yc19oaW5ja2xleS5wZGYAAAAAAAAAAAAAAAAAAAAAAAAAAAAAAAAAAAAAAAAAAAAAAAAAAARmwcVR9fQAAAAAAAAAAAADAAMAAAkgAAAAAAAAAAAAAAAAAAAAA3BkZgAAEAAIAADD41UKAAAAEQAIAADFUefkAAAAAQAUAARlrgAD6hsAAfwWAAGZJQABmHQAAgBCTWFjaW50b3NoIEhEOlVzZXJzOnBhdWw6ZGF0YTpwYXNzYXU6cGRmOnBob25lX3NlbnNvcnNfaGluY2tsZXkucGRmAA4ANgAaAHAAaABvAG4AZQBfAHMAZQBuAHMAbwByAHMAXwBoAGkAbgBjAGsAbABlAHkALgBwAGQAZgAPABoADABNAGEAYwBpAG4AdABvAHMAaAAgAEgARAASADVVc2Vycy9wYXVsL2RhdGEvcGFzc2F1L3BkZi9waG9uZV9zZW5zb3JzX2hpbmNrbGV5LnBkZgAAEwABLwAAFQACAAv//wAA0h4fICFYJGNsYXNzZXNaJGNsYXNzbmFtZaMhIiNdTlNNdXRhYmxlRGF0YVZOU0RhdGFYTlNPYmplY3RfEC4uLi8uLi8uLi9wYXNzYXUvcGRmL3Bob25lX3NlbnNvcnNfaGluY2tsZXkucGRm0h4fJieiJyNcTlNEaWN0aW9uYXJ5AAgAEQAaAB8AKQAyADcAOgA/AEEAUwBcAGIAaQBwAHgAgwCFAIgAigCMAI8AkQCTAJ0AqgCvALcAuQJzAngCgQKMApACngKlAq4C3wLkAucAAAAAAAACAQAAAAAAAAAoAAAAAAAAAAAAAAAAAAAC9A==}}

@article{lester2006par,
	Author = {Lester, J. and Choudhury, T. and Borriello, G.},
	Date-Added = {2009-07-17 12:40:50 +0200},
	Date-Modified = {2009-07-17 12:40:50 +0200},
	Journal = {Lecture Notes in Computer Science},
	Pages = {1},
	Publisher = {Springer},
	Title = {{A Practical Approach to Recognizing Physical Activities}},
	Volume = {3968},
	Year = {2006},
	Bdsk-File-1 = {YnBsaXN0MDDUAQIDBAUGCQpYJHZlcnNpb25UJHRvcFkkYXJjaGl2ZXJYJG9iamVjdHMSAAGGoNEHCFRyb290gAFfEA9OU0tleWVkQXJjaGl2ZXKoCwwXGBkdJCVVJG51bGzTDQ4PEBEUViRjbGFzc1dOUy5rZXlzWk5TLm9iamVjdHOAB6ISE4ACgAOiFRaABIAGWWFsaWFzRGF0YVxyZWxhdGl2ZVBhdGjSDRobHFdOUy5kYXRhgAVPEQHGAAAAAAHGAAIAAAxNYWNpbnRvc2ggSEQAAAAAAAAAAAAAAAAAAADD42MaSCsAAAAEZa4eYm9ycmllbGxvX211bHRpX3NlbnNvcl9hY3QucGRmAAAAAAAAAAAAAAAAAAAAAAAAAAAAAAAAAAAAAAAAAAAAAARmr8VDnQEAAAAAAAAAAAADAAMAAAkgAAAAAAAAAAAAAAAAAAAAA3BkZgAAEAAIAADD41UKAAAAEQAIAADFQ47xAAAAAQAUAARlrgAD6hsAAfwWAAGZJQABmHQAAgBGTWFjaW50b3NoIEhEOlVzZXJzOnBhdWw6ZGF0YTpwYXNzYXU6cGRmOmJvcnJpZWxsb19tdWx0aV9zZW5zb3JfYWN0LnBkZgAOAD4AHgBiAG8AcgByAGkAZQBsAGwAbwBfAG0AdQBsAHQAaQBfAHMAZQBuAHMAbwByAF8AYQBjAHQALgBwAGQAZgAPABoADABNAGEAYwBpAG4AdABvAHMAaAAgAEgARAASADlVc2Vycy9wYXVsL2RhdGEvcGFzc2F1L3BkZi9ib3JyaWVsbG9fbXVsdGlfc2Vuc29yX2FjdC5wZGYAABMAAS8AABUAAgAL//8AANIeHyAhWCRjbGFzc2VzWiRjbGFzc25hbWWjISIjXU5TTXV0YWJsZURhdGFWTlNEYXRhWE5TT2JqZWN0XxAyLi4vLi4vLi4vcGFzc2F1L3BkZi9ib3JyaWVsbG9fbXVsdGlfc2Vuc29yX2FjdC5wZGbSHh8mJ6InI1xOU0RpY3Rpb25hcnkACAARABoAHwApADIANwA6AD8AQQBTAFwAYgBpAHAAeACDAIUAiACKAIwAjwCRAJMAnQCqAK8AtwC5AoMCiAKRApwCoAKuArUCvgLzAvgC+wAAAAAAAAIBAAAAAAAAACgAAAAAAAAAAAAAAAAAAAMI}}

@conference{ward2005gsu,
	Author = {Ward, J.A. and Lukowicz, P. and Tr{\"o}ster, G.},
	Booktitle = {Proceedings of the 2005 joint conference on Smart objects and ambient intelligence: innovative context-aware services: usages and technologies},
	Date-Added = {2009-07-17 12:40:07 +0200},
	Date-Modified = {2009-07-17 12:40:07 +0200},
	Organization = {ACM New York, NY, USA},
	Pages = {99--104},
	Title = {{Gesture spotting using wrist worn microphone and 3-axis accelerometer}},
	Year = {2005},
	Bdsk-File-1 = {YnBsaXN0MDDUAQIDBAUGCQpYJHZlcnNpb25UJHRvcFkkYXJjaGl2ZXJYJG9iamVjdHMSAAGGoNEHCFRyb290gAFfEA9OU0tleWVkQXJjaGl2ZXKoCwwXGBkdJCVVJG51bGzTDQ4PEBEUViRjbGFzc1dOUy5rZXlzWk5TLm9iamVjdHOAB6ISE4ACgAOiFRaABIAGWWFsaWFzRGF0YVxyZWxhdGl2ZVBhdGjSDRobHFdOUy5kYXRhgAVPEQG6AAAAAAG6AAIAAAxNYWNpbnRvc2ggSEQAAAAAAAAAAAAAAAAAAADD42MaSCsAAAAEZzgYZXVzYWlfc3BvdHRpbmdfamFtaWUucGRmAAAAAAAAAAAAAAAAAAAAAAAAAAAAAAAAAAAAAAAAAAAAAAAAAAAAAARnW8VHaRcAAAAAAAAAAAADAAQAAAkgAAAAAAAAAAAAAAAAAAAAA293bgAAEAAIAADD41UKAAAAEQAIAADFR1sHAAAAAQAYAARnOAAEZa4AA+obAAH8FgABmSUAAZh0AAIARE1hY2ludG9zaCBIRDpVc2VyczpwYXVsOmRhdGE6cGFzc2F1OnBkZjpvd246ZXVzYWlfc3BvdHRpbmdfamFtaWUucGRmAA4AMgAYAGUAdQBzAGEAaQBfAHMAcABvAHQAdABpAG4AZwBfAGoAYQBtAGkAZQAuAHAAZABmAA8AGgAMAE0AYQBjAGkAbgB0AG8AcwBoACAASABEABIAN1VzZXJzL3BhdWwvZGF0YS9wYXNzYXUvcGRmL293bi9ldXNhaV9zcG90dGluZ19qYW1pZS5wZGYAABMAAS8AABUAAgAL//8AANIeHyAhWCRjbGFzc2VzWiRjbGFzc25hbWWjISIjXU5TTXV0YWJsZURhdGFWTlNEYXRhWE5TT2JqZWN0XxAwLi4vLi4vLi4vcGFzc2F1L3BkZi9vd24vZXVzYWlfc3BvdHRpbmdfamFtaWUucGRm0h4fJieiJyNcTlNEaWN0aW9uYXJ5AAgAEQAaAB8AKQAyADcAOgA/AEEAUwBcAGIAaQBwAHgAgwCFAIgAigCMAI8AkQCTAJ0AqgCvALcAuQJ3AnwChQKQApQCogKpArIC5QLqAu0AAAAAAAACAQAAAAAAAAAoAAAAAAAAAAAAAAAAAAAC+g==}}

@conference{maurer2006ews,
	Author = {Maurer, U. and Rowe, A. and Smailagic, A. and Siewiorek, D.P.},
	Booktitle = {Proceedings of the Int. Workshop on Wearable and Implantable Body Sensor Networks},
	Date-Added = {2009-07-17 12:38:49 +0200},
	Date-Modified = {2009-07-17 12:38:49 +0200},
	Title = {{eWatch: A Wearable Sensor and Notification Platform}},
	Year = {2006},
	Bdsk-File-1 = {YnBsaXN0MDDUAQIDBAUGCQpYJHZlcnNpb25UJHRvcFkkYXJjaGl2ZXJYJG9iamVjdHMSAAGGoNEHCFRyb290gAFfEA9OU0tleWVkQXJjaGl2ZXKoCwwXGBkdJCVVJG51bGzTDQ4PEBEUViRjbGFzc1dOUy5rZXlzWk5TLm9iamVjdHOAB6ISE4ACgAOiFRaABIAGWWFsaWFzRGF0YVxyZWxhdGl2ZVBhdGjSDRobHFdOUy5kYXRhgAVPEQGSAAAAAAGSAAIAAAxNYWNpbnRvc2ggSEQAAAAAAAAAAAAAAAAAAADD42MaSCsAAAAEZa4RZVdhdGNoX2Jzbl8wNi5wZGYAAAAAAAAAAAAAAAAAAAAAAAAAAAAAAAAAAAAAAAAAAAAAAAAAAAAAAAAAAAAAAARmscVDoGIAAAAAAAAAAAADAAMAAAkgAAAAAAAAAAAAAAAAAAAAA3BkZgAAEAAIAADD41UKAAAAEQAIAADFQ5JSAAAAAQAUAARlrgAD6hsAAfwWAAGZJQABmHQAAgA5TWFjaW50b3NoIEhEOlVzZXJzOnBhdWw6ZGF0YTpwYXNzYXU6cGRmOmVXYXRjaF9ic25fMDYucGRmAAAOACQAEQBlAFcAYQB0AGMAaABfAGIAcwBuAF8AMAA2AC4AcABkAGYADwAaAAwATQBhAGMAaQBuAHQAbwBzAGgAIABIAEQAEgAsVXNlcnMvcGF1bC9kYXRhL3Bhc3NhdS9wZGYvZVdhdGNoX2Jzbl8wNi5wZGYAEwABLwAAFQACAAv//wAA0h4fICFYJGNsYXNzZXNaJGNsYXNzbmFtZaMhIiNdTlNNdXRhYmxlRGF0YVZOU0RhdGFYTlNPYmplY3RfECUuLi8uLi8uLi9wYXNzYXUvcGRmL2VXYXRjaF9ic25fMDYucGRm0h4fJieiJyNcTlNEaWN0aW9uYXJ5AAgAEQAaAB8AKQAyADcAOgA/AEEAUwBcAGIAaQBwAHgAgwCFAIgAigCMAI8AkQCTAJ0AqgCvALcAuQJPAlQCXQJoAmwCegKBAooCsgK3AroAAAAAAAACAQAAAAAAAAAoAAAAAAAAAAAAAAAAAAACxw==}}

@conference{siewiorek2003sca,
	Author = {Siewiorek, D. and Smailagic, A. and Furukawa, J. and Krause, A. and Moraveji, N. and Reiger, K. and Shaffer, J.},
	Booktitle = {Wearable Computers, 2003. Proceedings. Seventh IEEE International Symposium on},
	Date-Added = {2009-07-17 12:38:24 +0200},
	Date-Modified = {2009-07-17 12:38:24 +0200},
	Pages = {248--249},
	Title = {{SenSay: a context-aware mobile phone}},
	Year = {2003},
	Bdsk-File-1 = {YnBsaXN0MDDUAQIDBAUGCQpYJHZlcnNpb25UJHRvcFkkYXJjaGl2ZXJYJG9iamVjdHMSAAGGoNEHCFRyb290gAFfEA9OU0tleWVkQXJjaGl2ZXKoCwwXGBkdJCVVJG51bGzTDQ4PEBEUViRjbGFzc1dOUy5rZXlzWk5TLm9iamVjdHOAB6ISE4ACgAOiFRaABIAGWWFsaWFzRGF0YVxyZWxhdGl2ZVBhdGjSDRobHFdOUy5kYXRhgAVPEQF6AAAAAAF6AAIAAAxNYWNpbnRvc2ggSEQAAAAAAAAAAAAAAAAAAADD42MaSCsAAAAEZa4Lc2Vuc3NheS5wZGYAAAAAAAAAAAAAAAAAAAAAAAAAAAAAAAAAAAAAAAAAAAAAAAAAAAAAAAAAAAAAAAAAAAAAAARm0sVbbGoAAAAAAAAAAAADAAMAAAkgAAAAAAAAAAAAAAAAAAAAA3BkZgAAEAAIAADD41UKAAAAEQAIAADFW15aAAAAAQAUAARlrgAD6hsAAfwWAAGZJQABmHQAAgAzTWFjaW50b3NoIEhEOlVzZXJzOnBhdWw6ZGF0YTpwYXNzYXU6cGRmOnNlbnNzYXkucGRmAAAOABgACwBzAGUAbgBzAHMAYQB5AC4AcABkAGYADwAaAAwATQBhAGMAaQBuAHQAbwBzAGgAIABIAEQAEgAmVXNlcnMvcGF1bC9kYXRhL3Bhc3NhdS9wZGYvc2Vuc3NheS5wZGYAEwABLwAAFQACAAv//wAA0h4fICFYJGNsYXNzZXNaJGNsYXNzbmFtZaMhIiNdTlNNdXRhYmxlRGF0YVZOU0RhdGFYTlNPYmplY3RfEB8uLi8uLi8uLi9wYXNzYXUvcGRmL3NlbnNzYXkucGRm0h4fJieiJyNcTlNEaWN0aW9uYXJ5AAgAEQAaAB8AKQAyADcAOgA/AEEAUwBcAGIAaQBwAHgAgwCFAIgAigCMAI8AkQCTAJ0AqgCvALcAuQI3AjwCRQJQAlQCYgJpAnIClAKZApwAAAAAAAACAQAAAAAAAAAoAAAAAAAAAAAAAAAAAAACqQ==}}

@article{stager2007paa,
	Author = {St{\"a}ger, M. and Lukowicz, P. and Tr{\"o}ster, G.},
	Date-Added = {2009-07-17 12:38:10 +0200},
	Date-Modified = {2009-07-17 12:38:10 +0200},
	Journal = {Pervasive and Mobile Computing},
	Number = {3},
	Pages = {300--327},
	Publisher = {Elsevier},
	Title = {{Power and accuracy trade-offs in sound-based context recognition systems}},
	Volume = {3},
	Year = {2007}}

@conference{kunze2005rbp,
	Author = {Kunze, K. and Lukowicz, P. and Junker, H. and Troester, G.},
	Booktitle = {LOCA'04: International Workshop on Locationand Context-Awareness},
	Date-Added = {2009-07-17 12:36:45 +0200},
	Date-Modified = {2009-07-17 12:36:45 +0200},
	Organization = {Springer},
	Title = {{Where am i: Recognizing on-body positions of wearable sensors}},
	Year = {2005}}
	
@conference{kunze2007dor,
	Author = {Kunze, K. and Lukowicz, P. and Partridge, K. and Begole, B.},
		Booktitle = {ISWC 2009, Linz},
		Date-Added = {2009-07-17 12:36:45 +0200},
		Date-Modified = {2009-07-17 12:36:45 +0200},
		Organization = {Springer},
		Title = {Which way am I facing: Inferring horizontal device orientation from an accelerometer signal},
		Year = {2009}}

@conference{kunze2008dsd,
	Author = {Kunze, K. and Lukowicz, P.},
	Booktitle = {Proceedings of the 10th international conference on Ubiquitous computing},
	Date-Added = {2009-07-17 12:36:40 +0200},
	Date-Modified = {2009-07-17 12:36:40 +0200},
	Organization = {ACM New York, NY, USA},
	Pages = {20--29},
	Title = {{Dealing with sensor displacement in motion-based onbody activity recognition systems}},
	Year = {2008}}

@article{Kunze:2009p8081,
	author = {K Kunze and F Wagner and E Kartal and E Morales Kluge {\ldots}}, 
	journal = {Proceedings of the 7th International Conference on {\ldots}},
	title = {Does Context Matter?-A Quantitative Evaluation in a Real World Maintenance Scenario},
	abstract = {   1 , Florian Wagner 1 , Ersun Kartal 2 , Ernesto Morales Kluge 3 , and  1) paper based documentation (2) speech controlled   display (HMD },
	year = {2009},
	month = {Jan},
	date-added = {2009-12-01 15:13:27 +0100},
	date-modified = {2009-12-01 15:13:27 +0100},
	pmid = {related:sB9FhRzZ2GUJ},
	URL = {http://www.springerlink.com/index/583066j6642k3u6t.pdf},
	uri = {papers://0597B009-3AE0-48B6-803A-E3C4A2EB4EDF/Paper/p8081},
	rating = {0}
}
	
@article{Kunze:2007p86,
	author = {K Kunze and P Lukowicz}, 
	journal = {Wearable Computers, 2007 11th IEEE International Symposium on},
	title = {Using acceleration signatures from everyday activities for on-body device location},
	abstract = {This paper is part of an effort to facilitate wearable activity recognition using dynamically changing sets of sensors integrated in everyday appliances such as phones, PDAs, watches, headsets etc. A key issue that such systems have to address is the.....},
	pages = {115 -- 116},
	year = {2007},
	month = {Sep},
	date-added = {2008-03-18 16:04:53 +0100},
	date-modified = {2008-03-18 16:04:53 +0100},
	doi = {10.1109/ISWC.2007.4373794},
	pmid = {4373794@ieeecnfs},
	URL = {http://ieeexplore.ieee.org/search/srchabstract.jsp?arnumber=4373794&isnumber=4373754&punumber=4373753&k2dockey=4373794@ieeecnfs},
	local-url = {file://localhost/Users/kkunze/Documents/Papers/2007/Kunze/Wearable%20Computers%202007%2011th%20IEEE%20International%20Symposium%20on%202007%20Kunze.pdf},
	uri = {papers://0597B009-3AE0-48B6-803A-E3C4A2EB4EDF/Paper/p86},
	read = {Yes},
	rating = {0}
}
	

@article{Ogris:2008p7906,
	author = {G Ogris and T Stiefmeier and P Lukowicz and G Troster}, 
	journal = {Proceedings of the 12th IEEE International Symposium on Wearable Computing},
	title = {Using a complex multi-modal on-body sensor system for activity spotting},
	abstract = {This paper describes an approach to real-life task track- ing using a multi-modal, on-body sensor system. The spe- cific example that we study is quality inspection in car pro- duction. This task is composed of up to 20 },
	year = {2008},
	month = {Jan},
	date-added = {2009-12-01 14:20:36 +0100},
	date-modified = {2009-12-01 14:20:36 +0100},
	pmid = {16791727221358473740related:DDJUAvEyCOkJ},
	URL = {http://doi.ieeecomputersociety.org/10.1109/ISWC.2008.4911585},
	uri = {papers://0597B009-3AE0-48B6-803A-E3C4A2EB4EDF/Paper/p7906},
	rating = {0}
}

@article{Antifakos:2002p8030,
	author = {S Antifakos and F Michahelles and B Schiele}, 
	journal = {Lecture Notes in Computer Science},
	title = {Proactive instructions for furniture assembly},
	abstract = { we would like to thank the  corporation for  360 S. Antifakos, F. Michahelles, and B.   Feiner, Blair Macintyre, DS: Knowledge-based  reality },
	year = {2002},
	month = {Jan},
	date-added = {2009-12-01 14:25:07 +0100},
	date-modified = {2009-12-01 14:25:07 +0100},
	pmid = {4576053634633578857related:aTl4JYlogT8J},
	URL = {http://www.springerlink.com/index/5B4PAXAQHCFM96F9.pdf},
	uri = {papers://0597B009-3AE0-48B6-803A-E3C4A2EB4EDF/Paper/p8030},
	rating = {0}
}

@article{Lu:2009p7766,
	author = {H Lu and W Pan and N Lane and T Choudhury}, 
	journal = { 7th International Conference on Mobile systems},
	title = {SoundSense: scalable sound sensing for people-centric applications on mobile phones},
	abstract = {ABSTRACT Top end  include a number of specialized (eg, accelerometer, compass, GPS) and general purpose sensors (eg, microphone, camera) that enable new people-centric sensing applications. Perhaps the },
	year = {2009},
	month = {Jan},
	date-added = {2009-12-01 14:01:52 +0100},
	date-modified = {2009-12-01 14:01:52 +0100},
	pmid = {9058398633220726914related:gmABP5DltX0J},
	URL = {http://portal.acm.org/citation.cfm?id=1555834},
	uri = {papers://0597B009-3AE0-48B6-803A-E3C4A2EB4EDF/Paper/p7766},
	rating = {0}
}

@article{Blanke:2008p6128,
	author = {Ulf Blanke and Bernt Schiele}, 
	journal = {Ubicomp Poster Session},
	title = {Sensing Location in the Pocket},
	pages = {2},
	year = {2008},
	month = {Aug},
	date-added = {2009-01-15 13:31:31 +0100},
	date-modified = {2009-01-15 13:33:29 +0100},
	local-url = {file://localhost/Users/kkunze/Documents/Papers/2008/Blanke/Ubicomp%20Poser%20Session%202008%20Blanke.pdf},
	uri = {papers://0597B009-3AE0-48B6-803A-E3C4A2EB4EDF/Paper/p6128},
	read = {Yes},
	rating = {0}
}

@article{ZHANG:2004wa,
author = {ZHANG, K and Pi-Sunyer, FX},
title = {{Improving energy expenditure estimation for physical activity}},
journal = {Science in Medicine},
year = {2004}
}


@article{Lester:2006p856,
	author = {J Lester and T Choudhury and G Borriello}, 
	journal = {Proceedings of Pervasive},
	title = {A Practical Approach to Recognizing Physical Activities},
	abstract = { This larger dataset served to verify that the algorithms would work on a variety of data using a single multi-modal   trained with a large },
	year = {2006},
	month = {Jan},
	date-added = {2008-04-04 18:05:00 +0200},
	date-modified = {2008-04-04 18:05:00 +0200},
	pmid = {13230008090243582879related:n0uDMkNumrcJ},
	URL = {http://www.springerlink.com/index/7048888592382352.pdf},
	local-url = {file://localhost/Users/kkunze/Documents/Papers/2006/Lester/Proceedings%20of%20Pervasive%202006%20Lester.pdf},
	uri = {papers://0597B009-3AE0-48B6-803A-E3C4A2EB4EDF/Paper/p856},
	read = {Yes},
	rating = {0}
}

@article{Ichikawa:2005p6295,
	author = {F Ichikawa and J Chipchase and R Grignani}, 
	journal = {Mobile Technology, Applications and Systems, 2005 2nd International Conference on},
	title = {Where's The Phone? A Study of Mobile Phone Location in Public Spaces},
	abstract = {This paper presents the approach and the outcome of a study, called Where's-the-phone to identify characteristics of how mobile phones are carried whilst users are out and about in public spaces. A series of contextual interviews were conducted in pu.....},
	pages = {1 -- 8},
	year = {2005},
	month = {Oct},
	date-added = {2009-01-15 13:43:52 +0100},
	date-modified = {2009-01-15 13:43:52 +0100},
	pmid = {1656800@ieeecnfs},
	URL = {http://ieeexplore.ieee.org/search/srchabstract.jsp?arnumber=1656800&isnumber=34698&punumber=11013&k2dockey=1656800@ieeecnfs},
	local-url = {file://localhost/Users/kkunze/Documents/Papers/2005/Ichikawa/Mobile%20Technology%20Applications%20and%20Systems%202005%202nd%20International%20Conference%20on%202005%20Ichikawa.pdf},
	uri = {papers://0597B009-3AE0-48B6-803A-E3C4A2EB4EDF/Paper/p6295},
	read = {Yes},
	rating = {0}
}

@inproceedings {Steinhoff2009UbicompPoster,
		title = {Dead Reckoning from the Pocket},
		booktitle = {Supplemental Proceedings of the 11th ACM International Conference on Ubiquitous Computing (Ubicomp{\textquoteright}09)},
		year = {2009},
		month = {10/2009},
		address = {Orlando, Florida},
		author = {Ulrich Steinhoff and Schiele, Bernt}
}
	
@article{Mizell:2005p3885,
author = {D Mizell}, 
journal = {Wearable Computers, 2003. Proceedings. Seventh IEEE International Symposium on},
title = {Using gravity to estimate accelerometer orientation},
pages = {252 -- 253},
year = {2005},
month = {Sep},
date-added = {2008-06-26 12:52:29 +0200},
date-modified = {2008-06-26 12:52:29 +0200},
doi = {10.1109/ISWC.2003.1241424},
pmid = {1241424@ieeecnfs},
URL = {http://ieeexplore.ieee.org/search/srchabstract.jsp?arnumber=1241424&isnumber=27832&punumber=8796&k2dockey=1241424@ieeecnfs},
read = {Yes},
rating = {0}
}



@inproceedings{iswcposter,
 author = {Franke, Tobias and Lukowicz, Paul and Kunze, Kai and Bannach, David},
 title = {Can a Mobile Phone in a Pocket Reliably Recognize Ambient Sounds?},
 booktitle = {ISWC '09: Proceedings of the 2009 International Symposium on Wearable Computers},
 year = {2009},
 isbn = {978-0-7695-3779-5},
 pages = {161--162},
 doi = {http://dx.doi.org/10.1109/ISWC.2009.34},
 publisher = {IEEE Computer Society},
 address = {Washington, DC, USA},
 }


@article{Harrison:2009p7760,
	author = {B Harrison and S Consolvo and T Choudhury}, 
	journal = {Handbook of Ambient Intelligence },
	title = {Using Multi-modal Sensing for Human Activity Modeling in the Real World},
	abstract = { 476 Beverly L. Harrison, Sunny Consolvo, and  Choudhury  Previous experience with   user interfaces [eg, Froehlich et al, 2006] suggests that },
	year = {2009},
	month = {Jan},
	date-added = {2009-12-01 14:01:52 +0100},
	date-modified = {2009-12-01 14:01:52 +0100},
	pmid = {related:R9op5Lah21EJ},
	URL = {http://www.springerlink.com/index/u6u164082403q136.pdf},
	uri = {papers://0597B009-3AE0-48B6-803A-E3C4A2EB4EDF/Paper/p7760},
	rating = {0}
}


@InProceedings{kern2002wearable,
author =     {Kern,, N. and Schiele,, B. and Junker,, H. and Lukowicz,,
P. and T\"roster,, G. },
title =      {Wearable sensing to annotate meeting recordings},
booktitle =  {Proceedings Sixth International Symposium on Wearable
Computers 
ISWC 2002},
key =        {-},
year =       2002,
origtitle =
{Proceedings-Sixth-International-Symposium-on-Wearable-Computers-IS
WC-2002. 2002: 186-93},
affiliation = {Perceptual Comput. & Comput. Vision, Eidgenossische Tech.
Hochsch
ule, Zurich, Switzerland},
abstract =   {We propose to use wearable computers and sensor systems to
generat
e personal contextual annotations in audio visual recordings of
meetings. In thi
s paper we argue that such annotations are essential and effective to
allow retr
ieval of relevant information from large audio-visual databases. The
paper propo
ses several useful annotations that can be derived from cheap and
unobtrusive se
nsors. It also describes a hardware platform designed to implement this
concept
and presents first experimental results.},
personal =   {},
url =        {},
pdf =        {},
postscript = {},
dvi =        {}
}


@InProceedings{lukowicz2004recognizing,
author =     {Lukowicz,P. and Ward, J. and Junker, H. and Staeger, M. and
                  Troester, G. and Atrash, A. and Starner, S. },
title =      {Recognizing Workshop Activity Using Body Worn Microphones and Accelerometers},
booktitle =  {Pervasive Computing},
key =        {-},
year =       2004,
origtitle =  {Pervasive-Computing.-Second-International-Conference,-Pervasive-2004.-Proceedings-Lecture-Notes-in-Computer-Science-Vol.3001. 2004: 18-32},
affiliation = {Wearable Computing Lab, Swiss Federal Institute of
                  TEchnology, Switzerland},
abstract =   {},
personal =   {},
url =        {},
pdf =        {},
postscript = {},
dvi =        {}
}


@InProceedings{mantyjarvi2001recognizing,
author =     {Mantyjarvi, J. and Himberg, J. and Seppanen, T. },
title =      {Recognizing human motion with multiple acceleration sensors},
booktitle =  {2001 IEEE International Conference on Systems, Man and Cybernetics},
key =        {-},
year =       2001,
volume =     3494,
pages =      {747--752},
origtitle =  {2001 IEEE International Conference on Systems, Man and Cybernetics. e-Systems and e-Man for Cybernetics in Cyberspace (Cat.No.01CH37236). IEEE, Piscataway, NJ, USA; 2001; 5 vol.3494 pp.p.747-52 vol.2},
affiliation = {Nokia Res. Center, Finland},
abstract =   {In this paper experiments with acceleration sensors are described for human activity recognition of a wearable device user. The use of principal component analysis and independent component analysis with a wavelet transform is tested for feature generation. Recognition of human activity is examined with a multilayer perceptron classifier. Best classification results for recognition of different human motion were 83-90, and they were achieved by utilizing independent component analysis and principal component analysis. The difference between these methods turned out to be negligible.},
personal =   {},
url =        {},
pdf =        {},
postscript = {},
dvi =        {}
}


%% Created using Papers on Wed, 16 Mar 2011.
%% http://mekentosj.com/papers/

@inproceedings{Altakouri:ky,
author = {Altakouri, B. and Kortuem, G. and Grunerbl, A. and Kunze, Kai and Lukowicz, Paul},
title = {{The benefit of activity recognition for mobile phone based nursing documentation: A Wizard-of-Oz study}},
booktitle = {ISWC 2010, International Symposium on Wearable Computers },
pages = {1--4},
publisher = {{IEEE}}
}

@inproceedings{Bahle:2010ww,
author = {Bahle, Gernot and Kunze, Kai and Lukowicz, Paul},
title = {{On the use of magnetic field disturbances as features for activity recognition with on body sensors}},
booktitle = {EuroSSC'10: Proceedings of the 5th European conference on Smart sensing and context},
year = {2010},
publisher = {{ Springer-Verlag}},
address = {Passau, Germany},
month = {nov}
}

@inproceedings{Baudisch:2010fn,
author = {Baudisch, Patrick and Becker, Torsten and Rudeck, Frederik},
title = {{Lumino: tangible blocks for tabletop computers based on glass fiber bundles}},
booktitle = {CHI '10 Proceedings of the 28th international conference on Human factors in computing systems},
year = {2010},
pages = {1165--1174},
publisher = {{ACM}},
address = {New York, New York, USA},
month = {apr}
}

@inproceedings{DiSalvo:2010wo,
author = {DiSalvo, Carl and Sengers, Phoebe},
title = {{Mapping the landscape of sustainable HCI}},
booktitle = {CHI '10 Proceedings of the 28th international conference on Human factors in computing systems},
year = {2010}
}

@inproceedings{Forster:2010jv,
author = {Forster, Kilian and Brem, Pascal and Roggen, Daniel and Troster, Gerhard},
title = {{Evolving discriminative features robust to sensor displacement for activity recognition in body area sensor networks}},
booktitle = {ISSNIP 2009 5th International Conference on Intelligent Sensors, Sensor Networks and Information Processing},
year = {2010},
pages = {43--48},
publisher = {{IEEE}},
address = {Melbourne, Australia}
}

@inproceedings{Huang:2010tm,
author = {Huang, R and Chen, Y},
title = {{A Novel Transition Based Encoding Scheme for Planning as Satisfiability}},
booktitle = { Proceedings of AAAI Conference on Artificial Intelligence},
year = {2010}
}

@inproceedings{Kunze:2010he,
author = {Kunze, Kai and Bahle, Gernot and Lukowicz, Paul and Partridge, Kurt},
title = {{Can magnetic field sensors replace gyroscopes in wearable sensing applications?}},
booktitle = {ISWC '10: Proceedings of the 2010 11th IEEE International Symposium on Wearable Computers},
year = {2010},
publisher = {{IEEE}},
address = {Seoul, South Korea}
}

@inproceedings{Kunze:2007tn,
author = {Kunze, Kai and Lukowicz, Paul},
title = {{Using acceleration signatures from everyday activities for on-body device location}},
booktitle = {ISWC '07: Proceedings of the 2007 11th IEEE International Symposium on Wearable Computers},
year = {2007},
publisher = {{ IEEE Computer Society}},
month = {oct}
}

@inproceedings{Kunze:2007tl,
author = {Kunze, Kai and Lukowicz, Paul},
title = {{Symbolic object localization through active sampling of acceleration and sound signatures}},
booktitle = {UbiComp '07: Proceedings of the 9th international conference on Ubiquitous computing},
year = {2007},
publisher = {{ Springer-Verlag}},
address = {Innsbruck},
month = {sep}
}

@inproceedings{Kunze:2008jv,
author = {Kunze, Kai and Lukowicz, Paul},
title = {{Dealing with sensor displacement in motion-based onbody activity recognition systems}},
booktitle = {UbiComp '08: Proceedings of the 10th international conference on Ubiquitous computing},
year = {2008},
pages = {20--29},
publisher = {{ACM}},
address = {Seoul, South Korea },
month = {sep}
}

@article{Kunze:2005vz,
author = {Kunze, Kai and Lukowicz, Paul and Junker, H},
title = {{Where am i: Recognizing on-body positions of wearable sensors}},
journal = {Location-and Context-Awareness},
year = {2005}
}

@inproceedings{Kunze:2009ub,
author = {Kunze, Kai and Lukowicz, Paul and Partridge, Kurt and Begole, Bo},
title = {{Which Way Am I Facing: Inferring Horizontal Device Orientation from an Accelerometer Signal}},
booktitle = {ISWC '09: Proceedings of the 2009 International Symposium on Wearable Computers},
year = {2009},
publisher = {{ IEEE Computer Society}},
address = {Linz, Austria},
month = {sep}
}

@inproceedings{Kunze:2009wg,
author = {Kunze, Kai and Wagner, Florian and Kartal, Ersun and Kluge, Ernesto Morales and Lukowicz, Paul},
title = {{Does Context Matter ? - A Quantitative Evaluation in a Real World Maintenance Scenario}},
booktitle = {Pervasive '09: Proceedings of the 7th International Conference on Pervasive Computing},
year = {2009},
publisher = {{ Springer-Verlag}},
month = {may}
}

@article{Maroulas:2010uu,
author = {Maroulas, Vasileios and Stinis, Panagiotis},
title = {{A drift homotopy Monte Carlo approach to particle filtering for multi-target tracking}},
journal = {arXiv.org},
year = {2010},
volume = {math.NA},
month = {jun},
note = {Minor corrections, 27 pages, 8 figures}
}

@inproceedings{Pirkl:2008tj,
author = {Pirkl, Gerald and Stockinger, Karl and Kunze, Kai and Lukowicz, Paul},
title = {{Adapting magnetic resonant coupling based relative positioning technology for wearable activitiy recogniton}},
booktitle = {ISWC '08: Proceedings of the 2008 12th IEEE International Symposium on Wearable Computers},
year = {2008},
publisher = {{ IEEE Computer Society}},
month = {sep}
}

@article{Schmidt:1999hn,
author = {Schmidt, Albrecht and Beigl, Michael and Gellersen, Hans},
title = {{There is more to context than location}},
journal = {Computers {\&} Graphics},
year = {1999},
volume = {23},
number = {6},
pages = {893--901},
month = {dec}
}

@inproceedings{Shaw:2009tm,
author = {Shaw, B},
title = {{Structure preserving embedding}},
booktitle = {International Conference on Machine Learning},
year = {2009}
}

@article{Shen:2006gd,
author = {Shen, C. and Ryall, K. and Forlines, C. and Esenther, A. and Vernier, F.D. and Everitt, K. and Wu, M. and Wigdor, D. and Morris, M.R. and Hancock, M. and Tse, E.},
title = {{Informing the Design of Direct-Touch Tabletops}},
journal = {Computer Graphics and Applications, IEEE},
year = {2006},
volume = {26},
number = {5},
pages = {36--46}
}

@article{Westrelin:2004up,
author = {Westrelin, R and Fugier, N and Nordmark, E and Kunze, Kai},
title = {{Studying network protocol offload with emulation: approach and preliminary results}},
journal = {hoti},
year = {2004}
}


@article{Fletcher:bp,
author = {Fletcher, R.R and Dobson, K and Goodwin, M.S and Eydgahi, H and Wilder-Smith, O and Fernholz, D and Kuboyama, Y and Hedman, E.B and Ming-Zher Poh and Picard, R.W},
title = {{iCalm: Wearable Sensor and Network Architecture for Wirelessly Communicating and Logging Autonomic Activity}},
journal = {IEEE Transactions on Information Technology in Biomedicine},
volume = {14},
number = {2},
pages = {215--223}
}

@article{Kern:2003vq,
author = {Kern, Nicky and Schiele, Bernt and Junker, Holger and Lukowicz, Paul and Troster, Gerhard},
title = {{Wearable sensing to annotate meeting recordings}},
journal = {Personal and Ubiquitous Computing},
year = {2003},
volume = {7},
number = {5},
month = {oct}
}

@article{Yu:2010ex,
author = {Yu, Zhiwen and Nakamura, Yuichi},
title = {{Smart meeting systems}},
journal = {ACM Computing Surveys},
year = {2010},
volume = {42},
number = {2},
pages = {1--20},
month = {feb}
}






